2040 3030
205 195 254 248 230
470 189 681 246 PROPERTll

241 306 271 352 ut
281 297 329 352 tibi
338 295 468 363 succedat,
481 299 528 353 vix
537 298 619 354 scmal
629 316 686 354 essa
694 307 788 372 potest.

204 374 347 428 Ventorum
357 379 405 438 cst,
417 372 596 447 quodcunque
605 391 695 446 paras:
716 373 855 431 haudnlla
865 379 952 432 carina

150 459 174 500 50
244 447 395 502 consenuit:
415 447 785 520 lallitportusetipsafidem.

204 521 273 576 Sunt
281 523 503 595 Agamemnonias
514 523 634 578 testantia
643 524 717 578 litora
727 541 813 590 curas,

241 614 296 669 qua
304 604 365 652 ncta
374 596 497 672 Argynni
506 615 599 670 poena,
611 599 738 654 minantis
748 615 842 671 aquaa.

204 673 258 726 Hoc
267 672 363 727 iuvene
373 672 472 728 amisso
481 672 592 728 classem
601 691 654 728 non
664 672 744 729 solvit
752 673 871 728 Atrides:

241 764 290 819 pro
298 763 352 818 qua
362 754 472 802 mactata
482 756 521 802 cst
530 748 667 822 Iphigenia
678 764 762 803 mora.

151 833 175 874 55
207 821 275 876 Saxa
286 821 459 893 triumphales
469 821 569 896 fregero
579 823 712 894 Capharea
721 839 833 895 puppa,

242 895 367 969 naufraga
378 913 464 967 quum
473 906 547 952 vasto
557 897 666 954 Graecia
675 905 756 953 tracta
763 897 819 953 salo
828 905 877 953 est.

204 969 343 1025 Paullatim
353 971 454 1026 sccitlm
463 972 590 1026 iacturam
599 971 672 1028 {lavit
681 972 781 1038 Ulixca‚

241 1045 267 1098 in
278 1061 351 1099 mara
360 1045 403 1100 cui
414 1044 484 1100 soliti
494 1063 548 1102 nan
558 1045 665 1102 valuara
674 1046 739 1104 dcli.

204 1120 280 1174 Hunc
287 1136 371 1191 parvo
379 1118 442 1175 ferri
451 1120 519 1177 vidit
528 1139 582 1176 nox
592 1121 712 1194 improba
722 1120 809 1196 ligno:

150 1205 175 1246 st
241 1195 334 1250 Pactus
345 1203 375 1250 ut
384 1195 519 1263 occiderat,
531 1203 568 1253 tot
576 1198 660 1253 coiere
669 1196 749 1252 mala.

203 1269 262 1325 Non
272 1269 333 1324 tulit
342 1271 406 1326 huic
416 1279 508 1344 pactus
517 1273 655 1329 stridore!
666 1272 758 1328 audire
767 1269 904 1346 procellae,

241 1352 266 1398 et
275 1344 342 1400 durc
351 1353 453 1403 teneras
464 1347 565 1404 lacdcrc
573 1348 637 1405 lunc
646 1365 757 1404 manns:

204 1419 251 1474 scd
260 1419 327 1476 Chic
336 1421 460 1489 thalamo.
471 1432 517 1479 aut
526 1423 614 1479 Oricia
623 1422 769 1479 terebintho

241 1502 266 1550 ct
277 1494 375 1552 fultum
384 1498 477 1570 pluma
486 1497 641 1554 versicolora
649 1505 737 1569 capnt.

150 1578 175 1621 ⁶5
205 1569 272 1625 Huic
281 1569 376 1628 fluctus
386 1573 449 1629 vivo
459 1571 585 1628 radicitus
594 1573 704 1629 abstulit
713 1586 827 1644 ungues,

241 1653 267 1700 ct
275 1646 352 1720 niger
362 1648 474 1704 invitam
483 1648 564 1704 traxit
573 1647 662 1704 hiatus
673 1664 782 1720 aquarn.

203 1719 280 1787 Quod
289 1722 312 1775 si
326 1730 463 1779 contentus
472 1725 556 1796 patrio
564 1723 633 1781 bove
642 1729 753 1780 verterat
762 1735 847 1794 agros,

244 1797 376 1869 verbaque
384 1798 505 1854 duxisset
514 1799 620 1870 pondua
632 1798 728 1854 hahere
737 1813 810 1861 mca;

204 1870 303 1925 viveret
315 1878 375 1926 anta
383 1889 446 1926 suos
455 1872 542 1927 dulcis
550 1874 662 1928 conviva
671 1877 778 1940 penaten

149 1954 175 1996 70
241 1959 351 2014 pauper,
365 1953 392 1999 at
402 1946 430 1999 in
440 1953 516 2008 tarra,
528 1945 567 1998 nil
576 1945 624 1998 ubi
634 1943 695 1998 flcra
703 1947 796 2012 potest.

203 2018 237 2073 ht
246 2024 284 2080 tu,
296 2033 373 2070 saeve
382 2015 489 2086 Aquilo,
502 2034 643 2088 nunqnam
652 2033 710 2070 mea
720 2013 778 2069 vala
787 2010 903 2068 videbis.

240 2090 307 2145 hntc
317 2087 385 2146 iores
395 2090 518 2147 dominae
527 2091 625 2148 condar
633 2096 733 2164 aportat
742 2088 823 2145 iners.

457 2257 620 2302 nhnoln
647 2255 693 2300 vl,

204 2361 303 2426 Dulcis
313 2371 347 2428 ad
356 2379 486 2429 extremas
495 2372 580 2430 lucrat
588 2373 656 2430 mihi
667 2373 724 2428 rixa
735 2371 864 2438 lucernas,

241 2447 313 2502 vocis
323 2455 348 2504 et
357 2447 466 2504 insanae
475 2457 512 2504 tot
520 2449 657 2505 maledicta
667 2455 735 2513 tuac,

204 2522 270 2578 dum
280 2522 424 2580 furibunda
434 2541 506 2580 mero
515 2543 635 2581 mensam
645 2521 779 2597 propellis,
791 2523 853 2578 etin
863 2539 907 2576 ma

241 2599 347 2671 proiicis
358 2600 452 2656 insana
461 2599 567 2674 cymbia
577 2599 655 2674 plena
665 2616 757 2654 manu.

151 2687 162 2729 5
207 2676 246 2732 Tu
256 2693 319 2730 vero
330 2685 432 2732 nostros
441 2673 529 2733 audax
539 2675 635 2732 invade
644 2673 761 2747 capillos,
