2020 3036
244 172 316 227 ΗΒ.
337 173 358 226 1.
389 170 503 226 ELEG.
524 173 572 228 Vl.
782 177 825 227 400

121 280 234 336 insidias
242 279 346 335 homini
356 282 534 351 composuisse
543 278 643 335 deum?

83 357 141 410 iem
151 355 219 410 mibi
229 354 374 410 tenduntur
383 371 478 419 casses,
492 355 545 409 iam
555 353 627 408 Delia
637 352 728 408 furtim
873 368 884 409 5

122 430 301 501 nescioquem
311 428 387 484 tacite
398 426 492 482 callida
501 435 574 483 nocte
586 427 665 484 fovet.

82 503 132 560 Ilia
146 505 255 577 quidem
269 511 323 558 tam
342 501 426 556 multu
440 510 530 576 negeb
550 502 597 558 sed
610 501 713 558 credere
731 502 829 558 durum

577 583 626 632 est.

122 651 167 708 Sie
175 653 254 707 etiam
264 651 296 706 de
306 667 348 706 me
357 657 482 724 pernegat
491 653 655 724 usqueviro.

83 729 144 800 Ipse
154 727 235 782 miser
243 727 331 791 docui,
344 742 398 798 quo
407 732 494 797 posset
504 725 593 782 ludere
604 735 679 799 paeto

122 801 257 869 custodes3
273 801 335 865 heu,
347 801 409 865 heu,
422 817 495 856 nune
503 817 608 872 premor
617 808 671 856 arte
681 804 753 856 mea!

83 877 198 950 Fingere
208 883 270 931 tune
279 875 371 929 didicit
380 891 481 939 causas,
494 882 524 930 ut
533 874 589 932 sola
598 877 717 932 cubaret:

121 950 228 1008 cardine
237 957 294 1005 tum
303 949 379 1004 tacito
389 957 488 1005 venere
495 967 572 1021 posse
581 949 659 1006 fores.

85 1027 154 1080 Tum
165 1041 257 1080 sueoos
267 1023 415 1096 herbasque
425 1022 494 1089 dedi,
506 1025 583 1096 queis
593 1024 661 1080 livor
670 1025 761 1090 abiret,

123 1117 203 1172 quem
214 1098 274 1154 feeit
283 1098 411 1170 impresso
420 1105 513 1154 mutua
522 1099 598 1155 dente
607 1101 707 1157 Venus.

86 1173 120 1229 At
130 1182 167 1239 tu,
180 1173 280 1228 fallacis
290 1173 388 1228 eoniux
396 1173 500 1228 incaute
509 1173 622 1245 puellae,

122 1266 165 1303 me
175 1263 282 1320 quoque
291 1255 401 1312 servate,
413 1256 500 1318 psooet
512 1256 541 1302 ut
551 1248 596 1303 illa
605 1248 682 1304 nibil.

86 1324 143 1388 Neu
154 1324 263 1378 iuvenes
272 1321 383 1376 celebret
396 1321 480 1376 multo
489 1339 619 1387 sermone,
631 1331 728 1387 caveto,

123 1415 189 1452 neve
198 1397 276 1452 cubet
285 1395 345 1450 laxo
354 1402 445 1466 peetus
455 1403 543 1467 aperta
552 1397 624 1461 sinu,

86 1490 138 1526 neu
148 1480 173 1526 te
182 1471 293 1542 decipiat
302 1477 379 1534 nutu,
395 1469 531 1599 ἀὶἕίίοῳιε
544 1471 682 1543 liquorem·

122 1565 155 1601 ne
166 1546 257 1610 trahet,
269 1552 295 1600 et
303 1553 409 1600 mensae
437 1552 496 1600 ucat
505 1546 533 1601 in
542 1545 605 1600 orbs
613 1548 697 1600 notas.

86 1621 175 1675 Exibit
189 1635 365 1693 quamsaepe,
377 1620 449 1685 time,
462 1637 509 1675 seu
518 1620 604 1676 visere
612 1619 680 1675 diuet
801 1617 802 1620 ’

123 1712 194 1749 saera
203 1695 297 1758 Bonae,
310 1692 430 1748 maribus
439 1711 492 1748 non
502 1693 631 1759 adeunda,
644 1695 718 1749 deae.

87 1769 119 1823 At
128 1769 194 1822 mihi
204 1768 227 1822 si
236 1766 412 1832 credas‚iilam
422 1784 518 1840 sequar
527 1785 599 1823 unus
609 1767 643 1822 ad
652 1785 724 1822 aras:

122 1851 186 1898 tunc
195 1841 261 1896 mihi
271 1859 325 1897 non
334 1840 417 1896 oeulis
427 1841 461 1896 sit
470 1842 591 1897 timuisse
599 1843 676 1897 meis.

87 1917 175 1990 Saepe,
187 1915 260 1972 velut
269 1932 387 1990 gemmas
397 1917 454 1970 eius
464 1917 627 1990 signumque
635 1916 783 1989 probarem,

122 2010 169 2065 per
182 2008 289 2046 eausam
299 1991 409 2046 memini
419 2008 462 2045 me
471 1993 588 2066 tetigisse
596 2009 722 2047 manum:

87 2083 161 2139 saepe
171 2083 242 2123 mero
253 2081 376 2120 somnum
386 2067 475 2138 peperi
486 2067 547 2138 ¹tibi:
558 2067 650 2138 at'ipse
657 2066 782 2121 bibebam

123 2140 208 2198 sobria
217 2141 352 2211 supposita
360 2141 453 2211 pocula
463 2141 569 2196 victora
589 2143 634 2197 ub.

86 2217 142 2271 Non
151 2232 199 2288 ego
209 2221 234 2269 te
242 2213 306 2268 laesi
314 2214 445 2286 prudens3
457 2216 562 2289 ignosce
570 2160 675 2282 ietenm

122 2290 198 2344 iussit
207 2287 300 2356 Am0r3
312 2296 402 2343 eontra
410 2289 472 2359 quis
481 2289 546 2346 feret
555 2307 628 2344 arma
637 2287 718 2343 deos?

87 2361 131 2418 llle
140 2380 188 2437 ego
198 2379 269 2428 sum,
281 2361 338 2435 (nee
347 2380 390 2417 me
399 2363 452 2417 iam
464 2362 549 2418 dicere
559 2379 621 2418 vera
630 2362 748 2435 pudebit)

121 2437 234 2492 instabat
242 2443 294 2492 teta
304 2436 347 2491 eui
356 2443 401 2491 tua
411 2444 485 2492 noete
494 2437 577 2492 canis.

86 2511 153 2579 Quid
163 2518 250 2567 tenera
260 2509 309 2565 tibi
318 2511 429 2584 coniuge
437 2510 524 2582 opus?
541 2513 598 2566 Tua
608 2511 709 2567 sibene
719 2527 803 2565 nescis

121 2589 231 2650 seruare,
243 2585 277 2639 ab
287 2583 383 2639 frustra
393 2585 475 2642 clavis
485 2586 553 2641 inest
564 2585 675 2642 foribus.

87 2661 121 2716 Te
128 2667 204 2726 tenet,
216 2659 336 2714 absentes
346 2658 411 2714 alios
421 2661 536 2732 suspirat
544 2677 654 2724 amores,
