2020 3036
248 161 281 214 to
538 157 709 215 CATULLI

305 320 469 365 Lxxxttt.
498 321 537 365 IN
566 320 743 364 MdeTUM
773 321 938 366 LESBHE.

250 421 351 484 Lesbia
364 433 402 484 mt
415 436 550 500 praesente
562 429 620 483 viro
632 427 702 482 mala
714 427 829 500 piurima
843 429 919 486 dicit:

285 504 335 558 hoo
348 504 388 558 illi
400 502 471 558 iatuo
484 504 601 558 maxima
615 503 710 558 laetitia
722 511 769 558 est.

249 577 331 645 Mula,
345 576 412 633 nihil
425 579 517 633 sentis.
531 577 557 632 Si
571 578 653 632 nostri
666 575 746 633 oblita
760 585 860 642 taceret,

286 670 349 708 sana
359 660 436 706 esset.
458 654 536 706 Nuno
548 650 619 724 quod
632 653 725 724 gannit
737 661 762 706 et
771 652 936 724 obloquitur,

194 733 207 780 5
249 743 300 781 uon
314 725 401 780 solum
415 727 544 791 meminit,
560 725 614 790 sed,
627 743 695 798 quae
705 726 790 781 multo
799 728 882 782 aerior
891 738 930 782 est
942 748 994 796 res,

286 802 350 856 irata
363 808 414 854 ost:
429 801 478 854 hoo
492 806 539 866 est,
554 800 641 855 uritur
653 808 678 854 et
691 798 817 873 loquitur.

427 942 584 988 Lxxxlv.
615 945 661 988 Mt
691 945 807 989 titulo.

248 1027 417 1092 Chommoda
429 1033 541 1100 dioebat,
555 1033 579 1089 si
592 1035 700 1107 quando
712 1037 848 1093 eommoda
862 1039 941 1096 vellet

287 1111 381 1176 dicere,
396 1117 421 1164 et
432 1109 563 1164 hinsidias
575 1109 669 1165 Arrius
682 1111 806 1167 insidias:

247 1194 272 1240 et
284 1193 342 1239 tum
353 1181 462 1238 miritioe
475 1185 595 1256 sperabat
608 1203 636 1240 so
648 1203 704 1240 esse
718 1185 844 1252 locutum,

284 1276 380 1331 quum,
395 1266 525 1331 quantum
535 1267 642 1331 poterat,
657 1260 759 1314 dixerat
771 1261 908 1318 hinsidias

193 1345 204 1387 5
248 1332 331 1390 Credo
343 1334 382 1388 sio
394 1342 484 1399 mater,
497 1335 535 1388 sio
547 1334 625 1389 Liber
635 1335 783 1390 avunculus
796 1337 862 1401 eius,
1002 1353 1003 1406 t

284 1409 323 1462 sic
336 1415 469 1463 maternus
482 1427 548 1463 avus
561 1409 671 1474 dixerat,
686 1417 765 1482 atque
777 1411 846 1464 avia.
1002 1413 1003 1416 ’

246 1485 300 1538 Hoc
312 1483 393 1537 misso
407 1484 434 1538 in
447 1483 560 1557 Syriam,
576 1483 724 1554 requierant
736 1485 861 1539 omnibus
874 1503 963 1554 aures,

283 1557 410 1612 audibant
422 1557 511 1612 eadem
525 1558 588 1611 haee
600 1556 692 1611 leniter
704 1565 729 1611 et
742 1557 840 1624 leviter,

247 1647 296 1686 neo
313 1631 365 1686 sibi
378 1631 482 1702 postilla
496 1631 647 1685 metuebant
660 1631 720 1685 talia
734 1632 823 1696 verba,

283 1723 369 1777 quum
381 1707 468 1762 subito
481 1705 596 1760 adfertur
609 1706 720 1759 nuntius
733 1705 876 1772 horribilis,

194 1791 219 1834 to
247 1781 333 1835 Ionios
346 1779 449 1845 fluetus,
464 1788 604 1852 postquam
618 1779 681 1834 illuo
693 1780 786 1834 Arrius
799 1781 870 1845 isset,

283 1855 335 1909 inm
350 1872 401 1909 non
416 1855 501 1908 tomos
513 1871 578 1918 esse,
594 1853 640 1907 sed
652 1854 769 1908 Hionios.

382 1996 523 2038 LXXXV.
554 1996 599 2038 DE
628 1996 750 2038 amobit
781 1996 856 2040 SUO.

247 2081 305 2146 Odi
317 2097 343 2143 et
355 2103 423 2142 amo.
444 2085 530 2152 Quare
542 2085 570 2139 id
582 2085 684 2150 faciam,
700 2085 808 2141 fortasse
820 2089 957 2158 requiris?

283 2162 385 2228 Nesoio,
400 2160 446 2215 sed
460 2160 515 2216 fieri
529 2161 612 2215 sentio
624 2168 649 2216 et
661 2161 805 2216 excruoior.

284 2323 441 2369 LXXXVI.
471 2325 517 2368 DE
547 2322 710 2374 ttttltt'rta
737 2323 785 2368 ET
814 2324 957 2372 LESBIA.

246 2408 360 2485 Quintia
373 2417 484 2472 formosa
497 2421 536 2471 est
548 2415 653 2472 multis:
667 2415 736 2469 mihi
748 2415 868 2480 candida,
880 2415 971 2491 longa,

283 2502 349 2548 recta
362 2501 413 2547 est:
426 2491 476 2546 hoo
487 2507 545 2564 ego,
559 2492 598 2546 sio
610 2490 715 2564 singula
728 2491 864 2545 oonfiteor:

245 2576 327 2624 totum
341 2565 417 2631 illud,
432 2564 553 2630 formosa,
569 2583 649 2640 nego:
665 2583 727 2619 nam
740 2565 814 2620 nulia
826 2575 963 2634 venustas,

282 2642 354 2699 nulla
369 2643 395 2698 iu
409 2650 463 2697 tam
476 2658 572 2715 magno
585 2650 624 2695 est
635 2657 741 2712 oorpore
753 2640 820 2694 mioa
834 2637 907 2694 salis.
