2030 3036
853 206 876 245 V

69 313 153 369 ribus
167 312 243 385 opud
255 320 354 385 poetar
368 311 477 381 obriio,
492 310 648 366 tenendum
661 320 720 380 eet,
739 311 875 384 pleraque

71 431 136 467 erce
150 411 231 481 fictu,
238 428 292 466 nec
304 409 455 480 historica,
463 428 536 486 quoe
543 427 611 465 vere
625 411 737 480 eint‚ex
746 410 875 483 iieporre

71 512 150 566 elici.
178 507 311 565 Tertium
325 509 429 566 librum
441 526 500 564 non
513 527 576 563 esre
592 505 717 577 Tibulli,
732 505 782 563 ced
796 503 874 583 Lyg-

71 609 163 678 domi,
180 617 246 683 poet
259 606 299 664 lo.
309 605 398 663 Henr.
408 607 545 665 Verrium
558 605 616 664 inm
628 607 759 683 plerique
772 623 873 661 recen-

70 711 182 763 tiorum
196 706 414 778 contenderunt,
424 709 555 782 quemvis
570 709 635 763 eliis
649 704 873 762 contradicenti-

72 809 135 862 bus.
171 805 208 861 At
222 814 355 881 quartum
369 803 485 861 Tibullo
499 808 555 881 ipsi
567 806 698 862 vindicet
710 801 873 872 Disseniuc,

72 903 239 962 abiudicoto
257 913 353 960 tomen
376 907 503 961 carmine
521 905 558 961 ecl
579 903 746 976 Mescclom;
772 906 874 960 existi-

72 1013 191 1078 matque
217 1013 330 1077 poetom
353 1005 434 1078 queri
454 1002 585 1060 Corinthi
608 1002 811 1078 Sulpicioeque
834 1002 874 1058 ibi

72 1121 212 1179 personne
224 1104 254 1157 in
269 1121 331 1159 ecoe
344 1105 513 1177 suscepisse.
556 1102 636 1159 idem
649 1111 793 1158 mortuum
812 1121 873 1157 cre-

73 1203 116 1258 dit
130 1221 155 1260 o.
171 1201 230 1259 735
245 1210 295 1258 eut
311 1202 380 1259 736.

136 1298 392 1371 Pronurus,
418 1298 526 1357 Umber
548 1303 679 1371 notione,
705 1310 788 1358 nomo
812 1321 874 1357 eme

72 1399 193 1457 Berthio
209 1400 337 1457 creditur
347 1418 423 1458 enno
437 1397 524 1456 Urbir
536 1401 607 1472 702,
624 1400 771 1456 ctrixiore
783 1419 874 1475 usque

73 1500 756 1578 cdtrigesirnumootcrumnetetinruceonnum.
777 1498 874 1575 Eque-

72 1602 127 1655 stri
140 1602 205 1655 loco
219 1609 315 1670 ortuo,
328 1608 465 1675 perpetuo
478 1597 635 1656 bonoribus
647 1599 770 1675 publicis
785 1599 873 1656 obiti-

73 1699 153 1770 nuit3
172 1700 341 1755 conciliarit
357 1697 412 1755 sibi
429 1707 525 1754 temen
543 1698 673 1755 fororem
686 1698 873 1769 Maecenatis,

73 1807 102 1854 et
116 1799 227 1854 emicui
245 1797 301 1853 fuit
314 1798 432 1874 Virgilii
446 1797 602 1874 Ovidiiquc
620 1807 650 1854 et
661 1795 744 1856 Burei
762 1807 872 1873 poetae.

73 1897 218 1974 Agrorum
232 1915 348 1954 cuorum
361 1899 424 1972 ipre
436 1915 559 1972 quoque,
573 1896 809 1974 quemadmodum
820 1895 872 1952 Ti-

73 1996 184 2066 bullus,
197 2005 307 2070 portem
321 1998 425 2053 omisit.
468 1994 621 2072 Cynthium
637 1996 810 2052 carminibus
825 2016 871 2053 ce-

73 2095 181 2166 lebrct3
204 2088 375 2170 (quaerero
389 2096 506 2151 nomine
519 2093 625 2166 Hostia
638 2105 743 2152 roceto
761 2115 823 2151 esee
836 2095 871 2150 eb

73 2193 195 2267 Apuleio
214 2194 351 2251 scribitur
368 2195 433 2250 loco
452 2212 538 2269 supro
555 2191 659 2270 allato)
676 2196 757 2251 cuius
777 2203 806 2249 et
820 2211 871 2249 no-

73 2294 149 2348 mine
163 2294 194 2348 in
208 2292 378 2369 quiburdem
389 2293 471 2350 librio
483 2302 628 2369 tamquam
641 2295 726 2349 titulo
747 2295 873 2349 carmine

73 2392 278 2449 inscribuntur.
321 2391 373 2450 Sic
391 2395 467 2451 enim
480 2414 508 2451 r.
524 2413 547 2450 c.
562 2391 744 2471 Groningeni
765 2393 872 2448 codicis

74 2492 226 2567 inscriptio
247 2491 349 2550 hebet:
383 2490 565 2569 Propertii
587 2502 715 2550 nautae
741 2491 871 2548 Meron.

75 2587 192 2648 Umbri
206 2588 368 2668 Cynthio.
407 2591 532 2650 Noutom
544 2595 619 2649 enim
633 2594 730 2667 piures
743 2601 873 2647 nostrum

76 2701 187 2763 vocant,
196 2701 225 2749 et
234 2689 400 2748 Mevaniam
410 2693 471 2748 cino
480 2693 602 2767 patriam
612 2692 787 2747 existimant.
810 2687 873 2762 lpse
