2030 3040
197 143 245 196 468
462 138 674 194 PROPERTII

195 247 243 302 llla
254 261 339 318 neque
349 243 477 300 Arabium
487 247 580 301 metuit
589 245 770 302 transeendere
780 245 872 312 limen,

140 333 166 376 20
235 337 284 375 nee
295 319 369 374 limet
378 320 485 386 estsine,
497 320 582 386 Tulle,
593 320 756 384 subnotem,

195 403 220 450 et
230 394 358 449 miserum
367 401 419 450 toto
429 395 553 450 iuvenem
562 411 666 450 versare
674 393 768 450 nubili.

233 468 304 536 Quid
313 468 430 524 relevent
439 469 520 524 variis
529 469 611 524 serice
620 467 775 524 textilibus?

196 542 269 610 Quae
278 543 346 597 mihi
355 542 420 601 dum
431 543 530 614 placate
540 543 631 608 ederit,
644 561 697 598 non
708 541 761 598 ulle
777 543 885 597 verebor

233 635 323 690 regne,
335 633 383 672 neo
393 617 495 674 Aleinoi
505 635 616 673 munera
625 616 767 688 despieere.

447 743 608 787 ELEGIA
635 743 694 788 XV.
800 745 801 748 ’

198 828 506 908 Saepeegomultatuae
516 835 628 890 levitatis
638 834 849 898 dunelmensem,

235 911 284 964 heo
292 916 380 964 temen
390 917 504 980 empta,
518 909 641 984 Cynthia,
653 909 773 980 perfidia.

197 983 309 1054 Adspioe
319 999 361 1037 me
370 989 468 1054 quanto
480 984 687 1054 rapiatFortune
696 983 806 1054 periclo:
904 1039 905 1042 ,

235 1064 360 1112 tutamen
370 1057 398 1112 in
408 1064 496 1112 nostro
506 1057 575 1112 lenta
583 1057 676 1112 timore
684 1059 769 1122 venis,

143 1145 154 1185 s
196 1141 221 1186 el
230 1138 302 1202 potes
313 1131 447 1186 hesternos
457 1132 582 1188 manibus
591 1149 746 1204 oomponere
756 1133 849 1198 erinon,

233 1212 259 1261 et
268 1204 346 1279 longe
355 1204 449 1261 faeiem
459 1223 584 1278 quaerere
594 1206 704 1272 desidia,

197 1296 245 1336 nec
254 1280 344 1335 minus
354 1282 408 1336 eois
417 1290 509 1352 peetus
519 1282 621 1338 variare
631 1280 736 1352 lapillis,

234 1353 749 1428 ullormosanovequaeparatireviro.

196 1429 230 1484 lt
239 1446 293 1485 non
303 1430 342 1484 sie
350 1431 431 1485 ithaci
441 1430 564 1504 digressu
573 1436 643 1485 mole
652 1428 767 1502 Calypso

143 1516 168 1557 ιο
235 1504 343 1559 desertis
353 1504 417 1560 olim
426 1503 532 1561 fleverat
542 1503 713 1576 aequoribus.

196 1578 291 1634 Multos
302 1578 346 1634 ille
356 1579 413 1634 dies
423 1579 545 1634 ineomtis
555 1584 653 1632 moeste
663 1575 766 1648 capillis

233 1652 342 1719 sederat,
354 1654 452 1710 iniusto
460 1649 717 1719 multalooulasa103

196 1736 229 1794 et,
243 1729 367 1800 quemvis
377 1746 517 1800 nunquam
526 1728 635 1799 posthae
646 1728 744 1791 visure,
758 1723 861 1780 dolebat

234 1801 279 1856 illa
289 1810 386 1868 tamen,
398 1802 491 1876 longae
501 1802 604 1856 eonscia
617 1800 737 1854 laetitiae.

143 1889 167 1929 15
199 1876 372 1948 Alphesiboea
381 1893 444 1930 suos
454 1875 509 1930 ulla
519 1882 558 1928 est
567 1891 615 1944 pro
627 1873 739 1942 eoniuge
746 1869 846 1931 lienes,

233 1950 371 2022 sanguinis
381 1955 407 2002 et
415 1949 468 2001 ceri
479 1944 585 2002 vinnula
594 1945 667 2015 rupit
676 1944 767 1998 Amor.

197 2027 250 2078 Nee
258 2025 297 2077 sic
306 2019 453 2078 Aesoniden
463 2018 626 2090 rapientibus
636 2017 715 2072 anxia
726 2016 812 2070 ventis

233 2094 379 2169 Hypsipyle
388 2109 471 2148 vacuo
481 2092 596 2148 constitit
605 2092 633 2146 in
644 2089 773 2147 thalamo:

197 2167 342 2243 Hypsipyle
352 2166 439 2224 nullos
448 2173 507 2240 post
516 2165 575 2222 illos
585 2166 667 2222 sensit
676 2183 787 2232 amores,

142 2259 167 2299 20
236 2250 264 2296 ut
273 2242 354 2296 semel
364 2243 506 2298 Haemonio
516 2243 600 2298 inbuit
611 2241 736 2314 hospitio.

198 2317 325 2390 Coniugis
334 2317 444 2374 Euadne
454 2319 564 2374 miseros
573 2317 640 2374 elate
649 2335 696 2390 per
705 2317 782 2392 ignes

234 2391 336 2459 oecidit‚
348 2392 462 2468 Argivae
470 2393 541 2450 lama
550 2393 701 2466 pudioitiae.

197 2466 316 2534 Quarum
326 2468 400 2524 nulla
409 2477 468 2526 tuns
478 2469 562 2542 potnit
571 2475 720 2526 eonverlere
731 2484 827 2532 mores,

235 2550 262 2598 tu
274 2561 381 2617 quoque
389 2545 430 2600 uti
440 2545 515 2600 lieres
524 2543 621 2599 nobilis
630 2543 749 2600 historin.

144 2629 169 2672 25
202 2620 294 2675 Desine
304 2620 357 2674 iam
368 2637 488 2678 revocare
496 2620 550 2676 luis
560 2621 675 2692 periuria
685 2617 783 2682 verbis,
