<?xml version="1.0" encoding="UTF-8"?>
<!DOCTYPE html PUBLIC "-//W3C//DTD XHTML 1.0 Transitional//EN"
    "http://www.w3.org/TR/xhtml1/DTD/xhtml1-transitional.dtd">
<html xmlns="http://www.w3.org/1999/xhtml" xml:lang="en" lang="en">
 <head>
  <title>
</title>
<meta http-equiv="Content-Type" content="text/html;charset=utf-8" />
  <meta name='ocr-system' content='tesseract 3.04.00' />
  <meta name='ocr-capabilities' content='ocr_page ocr_carea ocr_par ocr_line ocrx_word'/>
</head>
<body>
  <div class='ocr_page' id='page_1' title='image "./catullitibullie00propgoog_0227.png"; bbox 0 0 2030 3040; ppageno 0'>
   <div class='ocr_carea' id='block_1_1' title="bbox 184 126 868 312">
    <p class='ocr_par' dir='ltr' id='par_1_1' title="bbox 184 126 868 312">
     <span class='ocr_line' id='line_1_1' title="bbox 186 126 660 188; baseline -0.008 -2"><span class='ocrx_word' id='word_1_1' title='bbox 186 135 233 188; x_wconf 76' lang='lat'><strong>⁴82</strong></span> <span class='ocrx_word' id='word_1_2' title='bbox 450 126 660 183; x_wconf 84' lang='lat' dir='ltr'><strong>PROPERTll</strong></span> 
     </span>
     <span class='ocr_line' id='line_1_2' title="bbox 184 233 868 312; baseline -0.003 -20"><span class='ocrx_word' id='word_1_3' title='bbox 184 237 271 312; x_wconf 85' lang='lat' dir='ltr'><strong>qualis</strong></span> <span class='ocrx_word' id='word_1_4' title='bbox 282 243 308 290; x_wconf 88' lang='lat' dir='ltr'><strong>et</strong></span> <span class='ocrx_word' id='word_1_5' title='bbox 318 235 494 300; x_wconf 78' lang='lat' dir='ltr'>Ischomache,</span> <span class='ocrx_word' id='word_1_6' title='bbox 505 234 631 306; x_wconf 82' lang='lat' dir='ltr'><strong>Lapithae</strong></span> <span class='ocrx_word' id='word_1_7' title='bbox 639 251 724 307; x_wconf 83' lang='lat' dir='ltr'><strong>genus</strong></span> <span class='ocrx_word' id='word_1_8' title='bbox 732 233 868 301; x_wconf 87' lang='lat' dir='ltr'><strong>heminae,</strong></span> 
     </span>
    </p>
   </div>
   <div class='ocr_carea' id='block_1_2' title="bbox 130 309 804 830">
    <p class='ocr_par' dir='ltr' id='par_1_2' title="bbox 130 309 804 830">
     <span class='ocr_line' id='line_1_3' title="bbox 221 309 734 380; baseline -0.01 -14"><span class='ocrx_word' id='word_1_9' title='bbox 221 310 359 366; x_wconf 85' lang='lat' dir='ltr'><strong>Centauris</strong></span> <span class='ocrx_word' id='word_1_10' title='bbox 369 309 457 364; x_wconf 89' lang='lat' dir='ltr'><strong>medio</strong></span> <span class='ocrx_word' id='word_1_11' title='bbox 485 317 539 364; x_wconf 84' lang='lat' dir='ltr'><strong>rata</strong></span> <span class='ocrx_word' id='word_1_12' title='bbox 548 309 641 380; x_wconf 89' lang='lat' dir='ltr'><strong>rapina</strong></span> <span class='ocrx_word' id='word_1_13' title='bbox 649 325 734 377; x_wconf 86' lang='lat' dir='ltr'><strong>mero;</strong></span> 
     </span>
     <span class='ocr_line' id='line_1_4' title="bbox 184 327 789 441; baseline -0.007 -1"><span class='ocrx_word' id='word_1_14' title='bbox 184 385 313 441; x_wconf 78' lang='lat' dir='ltr'><strong>Mercurio</strong></span> <span class='ocrx_word' id='word_1_15' title='bbox 322 393 348 440; x_wconf 83' lang='lat' dir='ltr'><strong>et</strong></span> <span class='ocrx_word' id='word_1_16' title='bbox 357 385 454 440; x_wconf 82' lang='lat' dir='ltr'><strong>sanetis</strong></span> <span class='ocrx_word' id='word_1_17' title='bbox 464 327 546 439; x_wconf 62' lang='lat' dir='ltr'><strong>ierint</strong></span> <span class='ocrx_word' id='word_1_18' title='bbox 556 381 698 438; x_wconf 87' lang='lat' dir='ltr'><strong>Boebeidos</strong></span> <span class='ocrx_word' id='word_1_19' title='bbox 708 381 789 438; x_wconf 88' lang='lat' dir='ltr'><strong>undis</strong></span> 
     </span>
     <span class='ocr_line' id='line_1_5' title="bbox 221 456 746 533; baseline -0.006 -19"><span class='ocrx_word' id='word_1_20' title='bbox 221 460 372 533; x_wconf 80' lang='lat' dir='ltr'><strong>virgineum</strong></span> <span class='ocrx_word' id='word_1_21' title='bbox 381 459 470 514; x_wconf 86' lang='lat' dir='ltr'>Brimo</span> <span class='ocrx_word' id='word_1_22' title='bbox 479 458 658 530; x_wconf 75' lang='lat' dir='ltr'>composuisse</span> <span class='ocrx_word' id='word_1_23' title='bbox 667 456 746 512; x_wconf 84' lang='lat' dir='ltr'><strong>latus.</strong></span> 
     </span>
     <span class='ocr_line' id='line_1_6' title="bbox 130 531 804 606; baseline -0.004 -17"><span class='ocrx_word' id='word_1_24' title='bbox 130 547 155 589; x_wconf 76' lang='lat'><strong>65</strong></span> <span class='ocrx_word' id='word_1_25' title='bbox 185 533 275 590; x_wconf 86' lang='lat' dir='ltr'><strong>Cedite</strong></span> <span class='ocrx_word' id='word_1_26' title='bbox 284 535 346 600; x_wconf 88' lang='lat' dir='ltr'><strong>iam,</strong></span> <span class='ocrx_word' id='word_1_27' title='bbox 358 532 443 600; x_wconf 78' lang='lat' dir='ltr'><strong>divae,</strong></span> <span class='ocrx_word' id='word_1_28' title='bbox 456 551 524 606; x_wconf 89' lang='lat' dir='ltr'><strong>quas</strong></span> <span class='ocrx_word' id='word_1_29' title='bbox 534 540 621 605; x_wconf 74' lang='lat' dir='ltr'><strong>pastor</strong></span> <span class='ocrx_word' id='word_1_30' title='bbox 631 531 804 587; x_wconf 84' lang='lat' dir='ltr'><strong>videratolim</strong></span> 
     </span>
     <span class='ocr_line' id='line_1_7' title="bbox 222 607 687 680; baseline -0.004 -17"><span class='ocrx_word' id='word_1_31' title='bbox 222 608 306 664; x_wconf 88' lang='lat' dir='ltr'><strong>ldaeis</strong></span> <span class='ocrx_word' id='word_1_32' title='bbox 315 608 418 664; x_wconf 81' lang='lat' dir='ltr'><strong>tunicas</strong></span> <span class='ocrx_word' id='word_1_33' title='bbox 428 620 524 680; x_wconf 81' lang='lat' dir='ltr'><strong>ponere</strong></span> <span class='ocrx_word' id='word_1_34' title='bbox 534 607 687 663; x_wconf 79' lang='lat' dir='ltr'><strong>verticibus.</strong></span> 
     </span>
     <span class='ocr_line' id='line_1_8' title="bbox 186 681 797 746; baseline -0.003 -9"><span class='ocrx_word' id='word_1_35' title='bbox 186 685 258 738; x_wconf 86' lang='lat' dir='ltr'><strong>llane</strong></span> <span class='ocrx_word' id='word_1_36' title='bbox 268 684 371 739; x_wconf 88' lang='lat' dir='ltr'><strong>utinam</strong></span> <span class='ocrx_word' id='word_1_37' title='bbox 380 681 473 737; x_wconf 78' lang='lat' dir='ltr'><strong>faeiem</strong></span> <span class='ocrx_word' id='word_1_38' title='bbox 482 681 548 738; x_wconf 77' lang='lat' dir='ltr'><strong>nolit</strong></span> <span class='ocrx_word' id='word_1_39' title='bbox 557 688 659 738; x_wconf 74' lang='lat' dir='ltr'><strong>mutare</strong></span> <span class='ocrx_word' id='word_1_40' title='bbox 668 688 797 746; x_wconf 78' lang='lat' dir='ltr'><strong>seneclus,</strong></span> 
     </span>
     <span class='ocr_line' id='line_1_9' title="bbox 224 755 665 830; baseline -0.005 -18"><span class='ocrx_word' id='word_1_41' title='bbox 224 758 272 812; x_wconf 85' lang='lat' dir='ltr'><strong>etsi</strong></span> <span class='ocrx_word' id='word_1_42' title='bbox 283 757 412 813; x_wconf 76' lang='lat' dir='ltr'><strong>Cumaeae</strong></span> <span class='ocrx_word' id='word_1_43' title='bbox 421 755 510 812; x_wconf 86' lang='lat' dir='ltr'><strong>secula</strong></span> <span class='ocrx_word' id='word_1_44' title='bbox 519 756 587 812; x_wconf 84' lang='lat' dir='ltr'><strong>vatia</strong></span> <span class='ocrx_word' id='word_1_45' title='bbox 596 763 665 830; x_wconf 80' lang='lat' dir='ltr'><strong>agel.</strong></span> 
     </span>
    </p>
   </div>
   <div class='ocr_carea' id='block_1_3' title="bbox 436 883 679 928">
    <p class='ocr_par' dir='ltr' id='par_1_3' title="bbox 436 883 679 928">
     <span class='ocr_line' id='line_1_10' title="bbox 436 883 679 928; baseline -0.008 0"><span class='ocrx_word' id='word_1_46' title='bbox 436 883 599 928; x_wconf 77' lang='lat' dir='ltr'><strong>ELEGIA</strong></span> <span class='ocrx_word' id='word_1_47' title='bbox 626 883 679 928; x_wconf 78' lang='lat' dir='ltr'><strong>HL</strong></span> 
     </span>
    </p>
   </div>
   <div class='ocr_carea' id='block_1_4' title="bbox 133 969 1011 2016">
    <p class='ocr_par' dir='ltr' id='par_1_4' title="bbox 133 969 1011 2016">
     <span class='ocr_line' id='line_1_11' title="bbox 186 969 1009 1049; baseline -0.004 -17"><span class='ocrx_word' id='word_1_48' title='bbox 186 969 277 1032; x_wconf 85' lang='lat' dir='ltr'><strong>Multa</strong></span> <span class='ocrx_word' id='word_1_49' title='bbox 286 977 363 1048; x_wconf 84' lang='lat' dir='ltr'><strong>prius</strong></span> <span class='ocrx_word' id='word_1_50' title='bbox 372 975 494 1031; x_wconf 84' lang='lat' dir='ltr'><strong>dominae</strong></span> <span class='ocrx_word' id='word_1_51' title='bbox 503 975 596 1032; x_wconf 79' lang='lat' dir='ltr'><strong>deliela</strong></span> <span class='ocrx_word' id='word_1_52' title='bbox 606 978 726 1049; x_wconf 84' lang='lat' dir='ltr'><strong>queraris</strong></span> <span class='ocrx_word' id='word_1_53' title='bbox 735 983 847 1049; x_wconf 76' lang='lat' dir='ltr'><strong>oportet:</strong></span> <span class='ocrx_word' id='word_1_54' title='bbox 1008 1017 1009 1020; x_wconf 15' lang='grc' dir='ltr'>η</span> 
     </span>
     <span class='ocr_line' id='line_1_12' title="bbox 224 1021 1010 1125; baseline 0 -19"><span class='ocrx_word' id='word_1_55' title='bbox 224 1068 300 1123; x_wconf 86' lang='lat' dir='ltr'><strong>saepe</strong></span> <span class='ocrx_word' id='word_1_56' title='bbox 309 1067 384 1125; x_wconf 77' lang='lat' dir='ltr'><strong>roges</strong></span> <span class='ocrx_word' id='word_1_57' title='bbox 393 1049 504 1123; x_wconf 87' lang='lat' dir='ltr'><strong>aliquid,</strong></span> <span class='ocrx_word' id='word_1_58' title='bbox 516 1068 594 1124; x_wconf 81' lang='lat' dir='ltr'><strong>saepe</strong></span> <span class='ocrx_word' id='word_1_59' title='bbox 603 1051 726 1123; x_wconf 84' lang='lat' dir='ltr'><strong>repulsus</strong></span> <span class='ocrx_word' id='word_1_60' title='bbox 736 1069 793 1108; x_wconf 89' lang='lat' dir='ltr'><strong>eas:</strong></span> <span class='ocrx_word' id='word_1_61' title='bbox 1007 1021 1010 1118; x_wconf 75' lang='grc' dir='ltr'>Ι</span> 
     </span>
     <span class='ocr_line' id='line_1_13' title="bbox 187 1125 1011 1200; baseline 0.001 -19"><span class='ocrx_word' id='word_1_62' title='bbox 187 1135 211 1181; x_wconf 85' lang='lat' dir='ltr'><strong>et</strong></span> <span class='ocrx_word' id='word_1_63' title='bbox 221 1143 298 1198; x_wconf 86' lang='lat' dir='ltr'><strong>saepe</strong></span> <span class='ocrx_word' id='word_1_64' title='bbox 307 1125 451 1182; x_wconf 83' lang='lat' dir='ltr'><strong>immeritos</strong></span> <span class='ocrx_word' id='word_1_65' title='bbox 461 1142 615 1199; x_wconf 76' lang='lat' dir='ltr'><strong>corrumpas</strong></span> <span class='ocrx_word' id='word_1_66' title='bbox 624 1126 748 1182; x_wconf 82' lang='lat' dir='ltr'><strong>dentibus</strong></span> <span class='ocrx_word' id='word_1_67' title='bbox 758 1142 871 1200; x_wconf 79' lang='lat' dir='ltr'><strong>ungues,</strong></span> <span class='ocrx_word' id='word_1_68' title='bbox 1010 1136 1011 1156; x_wconf 66' lang='lat'>¹</span> 
     </span>
     <span class='ocr_line' id='line_1_14' title="bbox 224 1201 726 1274; baseline 0.002 -19"><span class='ocrx_word' id='word_1_69' title='bbox 224 1208 249 1255; x_wconf 87' lang='lat' dir='ltr'><strong>et</strong></span> <span class='ocrx_word' id='word_1_70' title='bbox 258 1201 387 1272; x_wconf 83' lang='lat' dir='ltr'><strong>crepitum</strong></span> <span class='ocrx_word' id='word_1_71' title='bbox 396 1201 595 1258; x_wconf 83' lang='lat' dir='ltr'><strong>dubiesuseitet</strong></span> <span class='ocrx_word' id='word_1_72' title='bbox 604 1202 642 1257; x_wconf 86' lang='lat' dir='ltr'><strong>ira</strong></span> <span class='ocrx_word' id='word_1_73' title='bbox 651 1201 726 1274; x_wconf 93' lang='lat' dir='ltr'><strong>pede.</strong></span> 
     </span>
     <span class='ocr_line' id='line_1_15' title="bbox 133 1275 840 1351; baseline 0 -21"><span class='ocrx_word' id='word_1_74' title='bbox 133 1289 145 1330; x_wconf 79' lang='lat'><strong>5</strong></span> <span class='ocrx_word' id='word_1_75' title='bbox 191 1275 379 1348; x_wconf 79' lang='lat' dir='ltr'><strong>Nequidquam</strong></span> <span class='ocrx_word' id='word_1_76' title='bbox 388 1275 715 1351; x_wconf 79' lang='lat' dir='ltr'><strong>perfusameisunguenta</strong></span> <span class='ocrx_word' id='word_1_77' title='bbox 724 1275 840 1347; x_wconf 81' lang='lat' dir='ltr'><strong>capillis:</strong></span> 
     </span>
     <span class='ocr_line' id='line_1_16' title="bbox 225 1351 749 1426; baseline 0.002 -21"><span class='ocrx_word' id='word_1_78' title='bbox 225 1351 280 1406; x_wconf 82' lang='lat' dir='ltr'><strong>ibat</strong></span> <span class='ocrx_word' id='word_1_79' title='bbox 289 1358 437 1424; x_wconf 85' lang='lat' dir='ltr'><strong>etexpensu</strong></span> <span class='ocrx_word' id='word_1_80' title='bbox 446 1351 535 1424; x_wconf 84' lang='lat' dir='ltr'><strong>planta</strong></span> <span class='ocrx_word' id='word_1_81' title='bbox 545 1359 644 1408; x_wconf 82' lang='lat' dir='ltr'><strong>moratu</strong></span> <span class='ocrx_word' id='word_1_82' title='bbox 654 1351 749 1426; x_wconf 81' lang='lat' dir='ltr'><strong>gradu.</strong></span> 
     </span>
     <span class='ocr_line' id='line_1_17' title="bbox 188 1423 806 1500; baseline -0.002 -21"><span class='ocrx_word' id='word_1_83' title='bbox 188 1426 257 1480; x_wconf 84' lang='lat' dir='ltr'><strong>Nam</strong></span> <span class='ocrx_word' id='word_1_84' title='bbox 266 1426 310 1480; x_wconf 90' lang='lat' dir='ltr'><strong>eui</strong></span> <span class='ocrx_word' id='word_1_85' title='bbox 320 1443 373 1482; x_wconf 91' lang='lat' dir='ltr'><strong>non</strong></span> <span class='ocrx_word' id='word_1_86' title='bbox 383 1444 433 1500; x_wconf 82' lang='lat' dir='ltr'><strong>ege</strong></span> <span class='ocrx_word' id='word_1_87' title='bbox 441 1444 502 1482; x_wconf 88' lang='lat' dir='ltr'><strong>sum</strong></span> <span class='ocrx_word' id='word_1_88' title='bbox 512 1425 599 1482; x_wconf 81' lang='lat' dir='ltr'><strong>fallaci</strong></span> <span class='ocrx_word' id='word_1_89' title='bbox 607 1427 724 1500; x_wconf 83' lang='lat' dir='ltr'><strong>praemia</strong></span> <span class='ocrx_word' id='word_1_90' title='bbox 736 1423 806 1482; x_wconf 84' lang='lat' dir='ltr'><strong>vati‘?</strong></span> 
     </span>
     <span class='ocr_line' id='line_1_18' title="bbox 227 1497 824 1572; baseline -0.003 -17"><span class='ocrx_word' id='word_1_91' title='bbox 227 1517 296 1572; x_wconf 91' lang='lat' dir='ltr'><strong>quae</strong></span> <span class='ocrx_word' id='word_1_92' title='bbox 307 1517 364 1556; x_wconf 90' lang='lat' dir='ltr'><strong>mea</strong></span> <span class='ocrx_word' id='word_1_93' title='bbox 372 1501 519 1556; x_wconf 87' lang='lat' dir='ltr'><strong>nondeeies</strong></span> <span class='ocrx_word' id='word_1_94' title='bbox 529 1501 632 1557; x_wconf 85' lang='lat' dir='ltr'><strong>somnia</strong></span> <span class='ocrx_word' id='word_1_95' title='bbox 642 1508 729 1556; x_wconf 81' lang='lat' dir='ltr'><strong>versat</strong></span> <span class='ocrx_word' id='word_1_96' title='bbox 737 1497 824 1555; x_wconf 72' lang='lat' dir='ltr'><strong>anus?</strong></span> 
     </span>
     <span class='ocr_line' id='line_1_19' title="bbox 188 1573 794 1647; baseline -0.005 -17"><span class='ocrx_word' id='word_1_97' title='bbox 188 1575 275 1630; x_wconf 88' lang='lat' dir='ltr'><strong>Hostis</strong></span> <span class='ocrx_word' id='word_1_98' title='bbox 285 1575 308 1629; x_wconf 89' lang='lat' dir='ltr'><strong>si</strong></span> <span class='ocrx_word' id='word_1_99' title='bbox 318 1575 380 1647; x_wconf 89' lang='lat' dir='ltr'><strong>quis</strong></span> <span class='ocrx_word' id='word_1_100' title='bbox 392 1576 441 1630; x_wconf 84' lang='lat' dir='ltr'><strong>erit</strong></span> <span class='ocrx_word' id='word_1_101' title='bbox 450 1575 536 1640; x_wconf 84' lang='lat' dir='ltr'><strong>nobis,</strong></span> <span class='ocrx_word' id='word_1_102' title='bbox 548 1584 618 1631; x_wconf 90' lang='lat' dir='ltr'><strong>amet</strong></span> <span class='ocrx_word' id='word_1_103' title='bbox 627 1574 672 1630; x_wconf 89' lang='lat' dir='ltr'><strong>ille</strong></span> <span class='ocrx_word' id='word_1_104' title='bbox 679 1573 794 1645; x_wconf 87' lang='lat' dir='ltr'><strong>puellas:</strong></span> 
     </span>
     <span class='ocr_line' id='line_1_20' title="bbox 134 1649 764 1723; baseline -0.002 -19"><span class='ocrx_word' id='word_1_105' title='bbox 134 1662 159 1704; x_wconf 81' lang='lat' dir='ltr'><strong>le</strong></span> <span class='ocrx_word' id='word_1_106' title='bbox 226 1649 340 1723; x_wconf 81' lang='lat' dir='ltr'><strong>gaudeat</strong></span> <span class='ocrx_word' id='word_1_107' title='bbox 349 1649 376 1708; x_wconf 91' lang='lat' dir='ltr'><strong>in</strong></span> <span class='ocrx_word' id='word_1_108' title='bbox 387 1666 477 1721; x_wconf 85' lang='lat' dir='ltr'><strong>puero,</strong></span> <span class='ocrx_word' id='word_1_109' title='bbox 490 1651 585 1722; x_wconf 88' lang='lat' dir='ltr'><strong>siquis</strong></span> <span class='ocrx_word' id='word_1_110' title='bbox 595 1649 764 1705; x_wconf 82' lang='lat' dir='ltr'><strong>amienserit.</strong></span> 
     </span>
     <span class='ocr_line' id='line_1_21' title="bbox 188 1723 792 1798; baseline -0.003 -19"><span class='ocrx_word' id='word_1_111' title='bbox 188 1723 344 1797; x_wconf 86' lang='lat' dir='ltr'><strong>Tranquillo</strong></span> <span class='ocrx_word' id='word_1_112' title='bbox 353 1731 408 1780; x_wconf 81' lang='lat' dir='ltr'><strong>tuta</strong></span> <span class='ocrx_word' id='word_1_113' title='bbox 417 1724 553 1780; x_wconf 85' lang='lat' dir='ltr'><strong>deseendis</strong></span> <span class='ocrx_word' id='word_1_114' title='bbox 563 1723 674 1780; x_wconf 88' lang='lat' dir='ltr'><strong>flumine</strong></span> <span class='ocrx_word' id='word_1_115' title='bbox 682 1723 792 1798; x_wconf 70' lang='lat' dir='ltr'><strong>cymba:</strong></span> 
     </span>
     <span class='ocr_line' id='line_1_22' title="bbox 226 1795 779 1871; baseline -0.009 -18"><span class='ocrx_word' id='word_1_116' title='bbox 226 1799 295 1871; x_wconf 91' lang='lat' dir='ltr'><strong>quid</strong></span> <span class='ocrx_word' id='word_1_117' title='bbox 304 1799 352 1853; x_wconf 83' lang='lat' dir='ltr'><strong>tibi</strong></span> <span class='ocrx_word' id='word_1_118' title='bbox 361 1806 416 1854; x_wconf 72' lang='lat' dir='ltr'><strong>tam</strong></span> <span class='ocrx_word' id='word_1_119' title='bbox 426 1800 502 1870; x_wconf 84' lang='lat' dir='ltr'><strong>parvi</strong></span> <span class='ocrx_word' id='word_1_120' title='bbox 513 1799 596 1853; x_wconf 81' lang='lat' dir='ltr'><strong>litoris</strong></span> <span class='ocrx_word' id='word_1_121' title='bbox 605 1797 678 1854; x_wconf 86' lang='lat' dir='ltr'><strong>unda</strong></span> <span class='ocrx_word' id='word_1_122' title='bbox 687 1795 779 1851; x_wconf 83' lang='lat' dir='ltr'><strong>noeet?</strong></span> 
     </span>
     <span class='ocr_line' id='line_1_23' title="bbox 189 1869 765 1943; baseline -0.019 -14"><span class='ocrx_word' id='word_1_123' title='bbox 189 1873 261 1929; x_wconf 80' lang='lat' dir='ltr'><strong>Alter</strong></span> <span class='ocrx_word' id='word_1_124' title='bbox 270 1889 347 1943; x_wconf 80' lang='lat' dir='ltr'><strong>saepe</strong></span> <span class='ocrx_word' id='word_1_125' title='bbox 356 1889 410 1928; x_wconf 83' lang='lat' dir='ltr'><strong>uno</strong></span> <span class='ocrx_word' id='word_1_126' title='bbox 419 1881 504 1928; x_wconf 79' lang='lat' dir='ltr'><strong>mutat</strong></span> <span class='ocrx_word' id='word_1_127' title='bbox 512 1870 661 1942; x_wconf 77' lang='lat' dir='ltr'><strong>praecordia</strong></span> <span class='ocrx_word' id='word_1_128' title='bbox 672 1869 765 1923; x_wconf 85' lang='lat' dir='ltr'><strong>verbo:</strong></span> 
     </span>
     <span class='ocr_line' id='line_1_24' title="bbox 225 1941 733 2016; baseline -0.016 -15"><span class='ocrx_word' id='word_1_129' title='bbox 225 1947 305 2001; x_wconf 81' lang='lat' dir='ltr'><strong>altem</strong></span> <span class='ocrx_word' id='word_1_130' title='bbox 315 1946 362 1998; x_wconf 85' lang='lat' dir='ltr'><strong>vix</strong></span> <span class='ocrx_word' id='word_1_131' title='bbox 372 1946 430 2014; x_wconf 87' lang='lat' dir='ltr'><strong>ipse</strong></span> <span class='ocrx_word' id='word_1_132' title='bbox 438 1945 569 2016; x_wconf 79' lang='lat' dir='ltr'><strong>sanguine</strong></span> <span class='ocrx_word' id='word_1_133' title='bbox 578 1942 666 1997; x_wconf 85' lang='lat' dir='ltr'><strong>mollis</strong></span> <span class='ocrx_word' id='word_1_134' title='bbox 675 1941 733 1995; x_wconf 79' lang='lat' dir='ltr'><strong>erit.</strong></span> 
     </span>
    </p>
   </div>
   <div class='ocr_carea' id='block_1_5' title="bbox 442 2065 676 2111">
    <p class='ocr_par' dir='ltr' id='par_1_5' title="bbox 442 2065 676 2111">
     <span class='ocr_line' id='line_1_25' title="bbox 442 2065 676 2111; baseline -0.013 -1"><span class='ocrx_word' id='word_1_135' title='bbox 442 2065 676 2111; x_wconf 68' lang='lat' dir='ltr'><strong>unaelnlu</strong></span> 
     </span>
    </p>
   </div>
   <div class='ocr_carea' id='block_1_6' title="bbox 135 2155 914 2677">
    <p class='ocr_par' dir='ltr' id='par_1_6' title="bbox 135 2155 914 2677">
     <span class='ocr_line' id='line_1_26' title="bbox 188 2155 829 2234; baseline -0.002 -19"><span class='ocrx_word' id='word_1_136' title='bbox 188 2155 250 2215; x_wconf 79' lang='lat' dir='ltr'><strong>Hoc</strong></span> <span class='ocrx_word' id='word_1_137' title='bbox 260 2175 354 2213; x_wconf 86' lang='lat' dir='ltr'><strong>verum</strong></span> <span class='ocrx_word' id='word_1_138' title='bbox 364 2165 411 2223; x_wconf 74' lang='lat' dir='ltr'><strong>est,</strong></span> <span class='ocrx_word' id='word_1_139' title='bbox 424 2166 476 2214; x_wconf 74' lang='lat' dir='ltr'><strong>tola</strong></span> <span class='ocrx_word' id='word_1_140' title='bbox 485 2167 509 2214; x_wconf 86' lang='lat' dir='ltr'><strong>te</strong></span> <span class='ocrx_word' id='word_1_141' title='bbox 518 2157 588 2226; x_wconf 78' lang='lat' dir='ltr'><strong>ferri,</strong></span> <span class='ocrx_word' id='word_1_142' title='bbox 601 2157 724 2234; x_wconf 80' lang='lat' dir='ltr'><strong>Cynthia,</strong></span> <span class='ocrx_word' id='word_1_143' title='bbox 736 2159 829 2224; x_wconf 85' lang='lat' dir='ltr'><strong>Roma,</strong></span> 
     </span>
     <span class='ocr_line' id='line_1_27' title="bbox 225 2233 656 2308; baseline 0 -20"><span class='ocrx_word' id='word_1_144' title='bbox 225 2240 251 2288; x_wconf 89' lang='lat' dir='ltr'><strong>et</strong></span> <span class='ocrx_word' id='word_1_145' title='bbox 259 2249 312 2290; x_wconf 89' lang='lat' dir='ltr'><strong>nou</strong></span> <span class='ocrx_word' id='word_1_146' title='bbox 323 2233 412 2308; x_wconf 72' lang='lat' dir='ltr'><strong>ignota</strong></span> <span class='ocrx_word' id='word_1_147' title='bbox 422 2234 511 2290; x_wconf 86' lang='lat' dir='ltr'><strong>vivere</strong></span> <span class='ocrx_word' id='word_1_148' title='bbox 521 2233 656 2308; x_wconf 78' lang='lat' dir='ltr'><strong>nequitia?</strong></span> 
     </span>
     <span class='ocr_line' id='line_1_28' title="bbox 188 2308 914 2382; baseline 0.006 -20"><span class='ocrx_word' id='word_1_149' title='bbox 188 2309 256 2363; x_wconf 87' lang='lat' dir='ltr'><strong>Haec</strong></span> <span class='ocrx_word' id='word_1_150' title='bbox 265 2309 351 2365; x_wconf 91' lang='lat' dir='ltr'><strong>merui</strong></span> <span class='ocrx_word' id='word_1_151' title='bbox 361 2309 484 2382; x_wconf 77' lang='lat' dir='ltr'><strong>sperare?</strong></span> <span class='ocrx_word' id='word_1_152' title='bbox 502 2310 583 2366; x_wconf 81' lang='lat' dir='ltr'><strong>Dabis</strong></span> <span class='ocrx_word' id='word_1_153' title='bbox 593 2309 670 2376; x_wconf 84' lang='lat' dir='ltr'><strong>mihi,</strong></span> <span class='ocrx_word' id='word_1_154' title='bbox 682 2308 791 2382; x_wconf 83' lang='lat' dir='ltr'><strong>perlida,</strong></span> <span class='ocrx_word' id='word_1_155' title='bbox 803 2325 914 2382; x_wconf 81' lang='lat' dir='ltr'><strong>poenes:</strong></span> 
     </span>
     <span class='ocr_line' id='line_1_29' title="bbox 226 2383 764 2462; baseline 0.002 -24"><span class='ocrx_word' id='word_1_156' title='bbox 226 2391 251 2438; x_wconf 85' lang='lat' dir='ltr'><strong>el</strong></span> <span class='ocrx_word' id='word_1_157' title='bbox 261 2383 337 2440; x_wconf 87' lang='lat' dir='ltr'><strong>nobis</strong></span> <span class='ocrx_word' id='word_1_158' title='bbox 347 2384 453 2458; x_wconf 79' lang='lat' dir='ltr'><strong>Aquilo,</strong></span> <span class='ocrx_word' id='word_1_159' title='bbox 465 2385 589 2462; x_wconf 81' lang='lat' dir='ltr'><strong>Cynthia,</strong></span> <span class='ocrx_word' id='word_1_160' title='bbox 601 2392 696 2442; x_wconf 84' lang='lat' dir='ltr'><strong>ventus</strong></span> <span class='ocrx_word' id='word_1_161' title='bbox 706 2385 764 2441; x_wconf 76' lang='lat' dir='ltr'><strong>erit.</strong></span> 
     </span>
     <span class='ocr_line' id='line_1_30' title="bbox 135 2459 803 2525; baseline 0.006 -12"><span class='ocrx_word' id='word_1_162' title='bbox 135 2471 146 2513; x_wconf 75' lang='lat'><strong>5</strong></span> <span class='ocrx_word' id='word_1_163' title='bbox 189 2459 327 2516; x_wconf 85' lang='lat' dir='ltr'><strong>Inveniam</strong></span> <span class='ocrx_word' id='word_1_164' title='bbox 337 2468 425 2516; x_wconf 85' lang='lat' dir='ltr'><strong>tamen</strong></span> <span class='ocrx_word' id='word_1_165' title='bbox 435 2478 449 2516; x_wconf 88' lang='lat' dir='ltr'><strong>e</strong></span> <span class='ocrx_word' id='word_1_166' title='bbox 461 2461 553 2518; x_wconf 77' lang='lat' dir='ltr'><strong>multia</strong></span> <span class='ocrx_word' id='word_1_167' title='bbox 563 2459 701 2518; x_wconf 85' lang='lat' dir='ltr'><strong>lallaeibus</strong></span> <span class='ocrx_word' id='word_1_168' title='bbox 712 2477 803 2525; x_wconf 83' lang='lat' dir='ltr'><strong>unam.</strong></span> 
     </span>
     <span class='ocr_line' id='line_1_31' title="bbox 227 2535 740 2608; baseline 0 -18"><span class='ocrx_word' id='word_1_169' title='bbox 227 2552 295 2608; x_wconf 86' lang='lat' dir='ltr'><strong>quae</strong></span> <span class='ocrx_word' id='word_1_170' title='bbox 305 2535 362 2592; x_wconf 86' lang='lat' dir='ltr'><strong>lieri</strong></span> <span class='ocrx_word' id='word_1_171' title='bbox 372 2551 460 2592; x_wconf 82' lang='lat' dir='ltr'><strong>nostro</strong></span> <span class='ocrx_word' id='word_1_172' title='bbox 470 2537 587 2595; x_wconf 86' lang='lat' dir='ltr'><strong>carmine</strong></span> <span class='ocrx_word' id='word_1_173' title='bbox 594 2544 655 2594; x_wconf 86' lang='lat' dir='ltr'><strong>nota</strong></span> <span class='ocrx_word' id='word_1_174' title='bbox 664 2536 740 2605; x_wconf 80' lang='lat' dir='ltr'><strong>velit3</strong></span> 
     </span>
     <span class='ocr_line' id='line_1_32' title="bbox 192 2611 791 2677; baseline -0.005 -9"><span class='ocrx_word' id='word_1_175' title='bbox 192 2629 239 2668; x_wconf 87' lang='lat' dir='ltr'><strong>nee</strong></span> <span class='ocrx_word' id='word_1_176' title='bbox 248 2611 314 2667; x_wconf 90' lang='lat' dir='ltr'><strong>mihi</strong></span> <span class='ocrx_word' id='word_1_177' title='bbox 326 2619 379 2668; x_wconf 75' lang='lat' dir='ltr'><strong>lam</strong></span> <span class='ocrx_word' id='word_1_178' title='bbox 390 2611 465 2668; x_wconf 86' lang='lat' dir='ltr'><strong>duris</strong></span> <span class='ocrx_word' id='word_1_179' title='bbox 475 2611 583 2670; x_wconf 84' lang='lat' dir='ltr'><strong>insultet</strong></span> <span class='ocrx_word' id='word_1_180' title='bbox 593 2612 722 2677; x_wconf 88' lang='lat' dir='ltr'><strong>moribus,</strong></span> <span class='ocrx_word' id='word_1_181' title='bbox 733 2618 758 2666; x_wconf 86' lang='lat' dir='ltr'><strong>el</strong></span> <span class='ocrx_word' id='word_1_182' title='bbox 767 2617 791 2665; x_wconf 82' lang='lat' dir='ltr'><strong>le</strong></span> 
     </span>
    </p>
   </div>
   <div class='ocr_carea' id='block_1_7' title="bbox 0 0 1020 3040">
    <p class='ocr_par' dir='ltr' id='par_1_7' title="bbox 0 0 1020 3040">
     <span class='ocr_line' id='line_1_33' title="bbox 0 0 1020 3040; baseline 0 0"><span class='ocrx_word' id='word_1_183' title='bbox 0 0 1020 3040; x_wconf 95' lang='lat' dir='ltr'><strong> </strong></span> 
     </span>
    </p>
   </div>
  </div>
 </body>
</html>
