2028 3034
181 177 213 226 68
466 171 637 232 CATULLl

125 292 149 333 55
180 287 277 336 moesta
291 296 376 351 neque
389 279 495 335 assiduo
508 281 636 335 tabescere
646 280 748 336 lumina
760 285 822 337 fletu

217 363 355 418 cessarent,
371 354 492 426 tristique
504 355 590 409 imbre
602 355 707 409 madere
719 373 814 428 genae:

180 429 268 501 qualis
281 429 309 482 in
327 428 390 483 aerii
402 428 537 499 pelluoans
552 429 645 483 vertice
658 431 754 484 montis

217 505 302 568 rivus,
317 519 439 557 muscoso
451 503 554 574 prosilit
566 521 580 557 e
594 503 691 574 lapide3

181 580 242 650 qui,
258 594 344 649 quum
357 577 390 632 de
401 594 482 648 prona
495 595 618 649 praeceps
630 586 670 633 ast
681 578 750 633 valle
763 578 879 644 volutus,

126 664 152 706 to
217 670 265 724 per
282 652 399 706 madium
412 651 488 706 densi
501 653 594 706 transit
606 653 654 706 iter
665 653 766 724 populi,

179 727 256 782 dulce
268 727 361 781 viatori
376 725 444 780 lasso
456 727 485 780 in
498 725 593 781 sudore
607 726 735 792 levamen,

217 819 303 874 quum
315 801 406 874 gravis
418 809 525 856 exustos
538 808 624 854 aestus
637 800 737 857 hiulcat
750 819 836 874 agros.

180 879 236 941 llic,
254 875 365 930 velutin
379 875 456 947 nigro
470 875 569 929 iactatis
581 875 687 930 turbine
699 879 787 932 nautis

218 951 304 1005 lenius
316 949 435 1020 aspirans
448 967 510 1004 aura
522 949 636 1005 secunda
650 951 722 1006 venit

126 1037 151 1080 55
178 1027 233 1097 jam
246 1041 321 1096 preca
331 1023 452 1088 Pollucis,
468 1025 521 1078 iam
534 1025 647 1079 Castoris
660 1024 810 1097 implorata;

216 1098 268 1155 tale
279 1097 330 1152 luit
342 1098 418 1153 nohis
430 1099 536 1153 Manius
549 1099 690 1154 auxilium.

181 1177 206 1230 ls
219 1174 341 1229 clausum
355 1172 406 1228 lato
418 1173 538 1244 patefecit
551 1173 643 1229 limine
655 1191 789 1246 campum,

218 1251 294 1321 isque
306 1247 416 1302 domum
429 1248 514 1314 nobis,
530 1249 607 1320 isque
619 1249 690 1303 dedit
702 1250 845 1314 dominam,

181 1323 215 1378 ad
227 1340 309 1395 quam
322 1339 476 1378 communes
488 1340 668 1378 exerceremus
680 1341 790 1386 amores,

126 1409 152 1451 to
218 1414 273 1470 quo
285 1414 343 1453 mea
355 1414 383 1452 sa
395 1397 470 1452 molli
483 1399 594 1453 candida
607 1397 668 1452 diva
683 1399 749 1470 peda

180 1472 278 1538 intulit,
293 1480 318 1527 et
330 1472 390 1527 trito
402 1472 546 1546 fulgentem
560 1474 588 1527 in
602 1471 693 1526 limine
706 1474 822 1544 plantam

218 1547 319 1612 innixa,
335 1553 427 1620 arguta
440 1548 555 1601 constitit
567 1547 594 1601 in
609 1545 690 1602 solea:

180 1622 301 1696 coniugis
314 1629 344 1676 ut
352 1621 488 1694 quondam
501 1621 614 1694 flagrans
627 1621 733 1676 advenit
744 1638 832 1676 amore

217 1696 401 1752 Protesilaeam
415 1696 554 1752 laodamia
568 1697 687 1762 domum,

126 1784 152 1827 55
179 1774 309 1844 inceptam
321 1771 428 1836 frustra,
443 1771 562 1827 nondum
575 1787 662 1842 quum
674 1771 805 1844 sanguine
816 1787 889 1826 sacro

218 1847 302 1902 hostia
315 1846 437 1903 coelestes
449 1846 610 1917 pacificasset
623 1845 709 1899 heros.

179 1921 222 1976 Nil
237 1922 304 1976 mihi
316 1929 370 1975 tam
382 1918 457 1975 valde
469 1920 576 1990 placeat,
592 1918 754 1972 Rhamnusia
767 1917 850 1988 virgo,

218 1995 290 2069 quod
302 2003 397 2049 temere
410 1994 501 2047 invitis
513 1992 672 2062 suscipiatur
685 1990 765 2044 heris.

181 2072 267 2138 Quam
280 2070 367 2124 ieiuna
381 2070 456 2138 piam
470 2065 598 2121 desideret
610 2081 653 2118 ara
664 2079 792 2126 cruorem,

128 2159 152 2199 so
217 2145 291 2199 docta
304 2151 343 2196 est
355 2142 453 2196 amisso
467 2138 606 2194 Laodamia
619 2138 690 2207 viro;

180 2218 301 2290 coniugis
314 2223 374 2270 anta
382 2223 467 2269 ooacta
481 2212 686 2285 novildimittere
698 2211 804 2277 oollam,

219 2308 301 2363 quam
314 2290 423 2344 venians
435 2307 489 2344 una
501 2297 580 2360 atque
592 2287 671 2343 altera
685 2305 779 2342 rursus
790 2288 877 2343 hierus

182 2366 303 2422 noctibus
317 2365 344 2420 in
359 2364 445 2439 longis
458 2364 567 2421 avidum
580 2371 722 2418 saturasset
733 2379 858 2428 amorem,

217 2448 305 2513 posset
317 2448 347 2495 ut
360 2440 472 2512 abrupto
484 2440 574 2495 vivere
586 2437 722 2513 coniugio:

102 2499 105 2506 ’
128 2528 153 2571 55
181 2516 254 2590 quod
267 2515 368 2570 scibant
381 2517 475 2570 Parcae
485 2531 536 2569 non
550 2512 629 2588 longo
641 2522 755 2586 tempore
768 2513 862 2572 abisse.

218 2610 242 2646 ει
255 2591 332 2646 miles
344 2607 436 2646 maros
450 2591 512 2645 isset
524 2588 557 2644 ad
570 2588 672 2644 lliaoos.

182 2667 250 2723 Nam
263 2676 321 2723 tum
333 2666 445 2723 Helenae
457 2673 533 2739 raptu
546 2665 673 2738 primores
687 2664 846 2738 Argivorum
