2030 3036
272 138 483 196 CARMINUM
501 141 628 195 LIBER.
792 145 818 196 ll

111 249 244 304 donarunt
256 248 369 303 Veneres
381 247 592 320 Cupidinesque:

112 322 184 395 quod
196 330 225 376 tu
239 339 325 394 quum
337 320 451 386 ollarias,
466 321 529 376 deos
541 323 656 396 rogabis,

111 406 194 452 totum
209 404 239 451 ut
251 405 276 451 to
286 395 392 461 iaciant,
407 396 527 462 Fabulle,
544 414 650 452 nasum.

186 523 261 567 XIV.
286 523 500 567 analavum
520 523 706 570 LlClNlUltl.

148 604 190 669 Ni
203 622 227 668 te
239 614 300 686 plus
313 612 397 669 oeulis
410 615 477 669 meis
489 631 615 681 amarem,

111 688 304 744 iucundissime
315 689 404 753 Calue,
419 706 529 744 munere
541 689 590 744 isto
666 743 671 750 ,

111 764 227 819 odissem
239 771 264 817 te
276 762 337 818 odio
349 763 497 819 Vatiniauo.

108 841 175 892 Nam
188 837 255 909 quid
266 836 315 892 feci
327 855 384 911 ego,
400 837 499 910 quidve
511 855 573 893 sum
586 838 698 905 locutus,

111 931 158 967 our
171 929 214 966 ma
226 919 262 966 tot
274 911 342 966 male
355 911 476 983 perderes
488 912 590 984 poetis?

113 987 159 1041 lati
171 986 209 1040 dii
223 985 292 1040 mala
305 986 388 1041 multa
401 985 573 1052 demolienti,

110 1063 158 1134 qui
172 1068 272 1116 tantum
286 1061 334 1114 tibi
348 1061 421 1115 misit
433 1062 586 1133 impiorum.

111 1135 233 1202 Quodsi,
248 1142 278 1190 ut
289 1135 417 1206 suspioor,
433 1135 482 1190 hoc
495 1154 595 1191 novum
608 1155 639 1192 ae
650 1149 783 1210 repertum

111 1227 211 1265 munus
224 1209 268 1264 dat
280 1210 328 1263 tibi
341 1209 415 1264 Sulla
429 1209 562 1274 litterator,
611 1243 613 1248 .

112 1301 163 1340 non
177 1291 215 1338 est
228 1289 265 1338 ml
279 1282 356 1348 male,
371 1284 419 1338 sed
431 1285 498 1339 bene
510 1302 540 1340 ac
552 1286 634 1349 beate,

111 1358 183 1431 quod
196 1376 249 1413 uon
262 1359 416 1430 dispereunt
427 1359 467 1413 tui
480 1358 591 1414 labores.

111 1433 150 1487 Dii
165 1434 264 1506 magni,
279 1432 433 1488 horribilem
446 1441 471 1488 et
482 1451 587 1488 ssorum
601 1433 734 1491 libellum!

110 1525 191 1580 quem
204 1515 232 1562 tu
245 1507 344 1562 seilioet
356 1508 390 1562 arl
402 1515 479 1564 tuum
493 1508 627 1564 Catullum

110 1584 191 1648 misti,
206 1583 330 1637 contiuuo
342 1591 372 1637 ut
383 1582 426 1638 dis
438 1584 542 1654 periret,

110 1656 302 1722 Saturnalibus,
317 1658 416 1728 optimo
428 1657 540 1714 dierum.

110 1733 177 1796 Non,
194 1747 247 1786 non
259 1731 309 1786 hoo
320 1732 378 1796 tibi,
393 1730 467 1797 false,
484 1733 524 1786 sio
536 1733 627 1789 abibit.

109 1807 187 1871 Nam,
203 1806 227 1860 si
240 1805 345 1872 luxerit,
360 1805 394 1861 ad
407 1806 576 1861 librariorum

110 1897 214 1936 curram
228 1880 338 1946 scrinia:
359 1880 473 1947 Cassios,
489 1881 618 1954 Aquinus,

109 1955 257 2020 Suffenum,
271 1956 361 2009 omnia
373 1954 495 2029 oolligam
508 1973 618 2022 venena,

109 2046 139 2083 ao
150 2038 175 2084 te
188 2029 231 2083 bis
244 2029 382 2101 suppliciis
395 2031 593 2086 remunerabor.

109 2104 160 2158 Vos
173 2104 238 2158 hine
250 2104 347 2158 interea
360 2103 451 2169 valete,
466 2105 536 2160 abite

110 2177 181 2243 illue,
197 2177 270 2232 unde
281 2177 383 2233 malum
395 2179 489 2250 pedem
502 2179 635 2242 attulistis,

109 2253 186 2307 saecli
199 2253 375 2318 inseminata,
390 2254 499 2324 pessimi
512 2263 610 2324 poetae.

108 2399 136 2454 Si
149 2402 197 2473 qui
210 2400 275 2455 forte
287 2417 406 2456 mearum
420 2399 578 2473 ineptiarum

108 2473 214 2530 lectores
226 2474 308 2539 eritis,
322 2493 473 2548 manusque
485 2484 586 2532 vostras

108 2566 160 2604 non
174 2550 314 2604 horrebitis
327 2549 465 2605 admovere
477 2552 563 2615 nobis,

107 2624 250 2694 paedioabo
262 2641 312 2696 ego
324 2641 380 2688 vos,
396 2631 421 2679 et
434 2625 578 2680 irrumabo.
