2030 3036
192 153 208 204 8

481 154 651 208 CATULLI

232 258 319 314 Visam
334 266 358 311 te
371 259 540 326 incolumem,
556 261 717 335 audiamque
729 264 835 317 lber-uin

230 332 384 386 Narrantern
400 332 464 399 ioca,
480 335 554 400 iacta,
570 337 698 402 nationes,

231 414 261 460 ut
273 423 330 459 mos
343 416 382 461 ost
395 415 470 476 tuus;
492 410 680 484 applicansque
693 412 800 477 collum,

229 480 377 535 iucundum
390 500 420 536 os
432 483 576 557 oculosque
588 487 739 543 suaviabor.

230 553 261 619 0,
276 565 408 626 quantum
421 567 459 612 est
471 559 612 614 hominum
624 561 780 618 beatiorum.

230 629 295 702 quid
309 647 352 684 me
365 631 457 687 laetius
470 641 509 688 est
521 635 674 690 beatiusve‘?

379 759 410 801 X.
436 761 482 803 DF.
500 761 588 804 vaul
603 761 751 805 SCORTO.

265 841 360 904 Varus
372 867 415 904 me
427 867 503 905 meus
517 851 550 906 ad
563 867 626 906 suos
638 867 740 906 amores

227 925 316 978 visum
331 923 442 978 duxerat
454 943 468 979 e
481 924 537 980 foro
550 926 673 990 otiosum,

227 998 382 1062 socratium,
397 1006 428 1052 ut
439 1000 507 1053 mihi
520 1010 578 1055 turn
591 1007 696 1071 repente
709 1001 798 1056 visum
811 1013 858 1067 est,

228 1090 281 1127 non
294 1090 357 1127 sane
369 1072 518 1145 illepidum,
534 1091 582 1129 nec
595 1075 776 1131 invenustum.

226 1149 284 1201 Huc
296 1154 325 1201 ut
338 1148 470 1212 venimus,
486 1149 601 1204 incidere
614 1150 690 1204 nobis

227 1238 361 1278 sermones
374 1223 455 1278 varii:
477 1225 504 1279 in
518 1225 628 1297 quibus,
643 1225 711 1297 quid
723 1235 790 1280 esset

227 1298 280 1351 iam
293 1297 426 1372 Bithynia,
440 1299 574 1371 quomodo
587 1299 742 1364 schabest,

227 1389 373 1444 oequonam
386 1374 454 1428 mihi
466 1374 608 1446 profuisset
620 1392 687 1430 aere.

227 1447 359 1517 Respondi
374 1448 401 1502 id
413 1449 486 1520 quod
498 1458 566 1504 erat:
588 1449 656 1503 nihil
670 1465 756 1520 neque
770 1449 834 1518 ipsis

228 1538 276 1574 nec
289 1523 452 1592 praetoribus
465 1540 530 1587 esse,
545 1540 593 1577 nee
605 1523 713 1584 cohorti,

226 1612 273 1649 cur
286 1596 431 1667 quisquam
444 1605 523 1666 caput
534 1597 641 1650 unctius
655 1595 772 1650 referret:

225 1671 377 1740 praesertim
392 1671 492 1741 quibus
506 1678 574 1724 esset
586 1672 726 1724 irrumator

226 1753 338 1814 praetor,
355 1762 407 1799 non
421 1742 514 1799 iaceret
525 1745 573 1817 pili
586 1745 728 1800 cohortem.

226 1820 260 1874 rit
272 1827 339 1874 certe
351 1828 448 1884 temen,
464 1819 599 1892 inquiunt,
615 1819 687 1890 quod
700 1819 754 1874 iilic

227 1902 319 1948 natum
332 1894 430 1948 dicitur
441 1911 507 1958 esse,
522 1895 679 1964 comparasti

227 1968 260 2022 ad
274 1968 390 2023 lecticam
403 1968 542 2023 homines‘?
561 1970 626 2042 Ego,
642 1977 671 2023 ut
685 1968 787 2041 puellae

226 2061 313 2097 unum
326 2059 368 2097 me
381 2042 492 2097 iacerem
505 2043 661 2108 beatiorum,

228 2135 289 2182 non,
306 2119 426 2189 inquam,
442 2117 509 2172 mihi
522 2126 575 2173 tam
589 2117 639 2173 iuit
652 2118 776 2192 maligne,

226 2200 264 2257 ut,
280 2193 415 2264 provincia
428 2193 501 2265 quod
514 2193 583 2248 mala
597 2193 740 2257 incidisset,

134 2280 146 2321 2
227 2285 280 2322 non
293 2285 398 2338 possem
411 2276 468 2323 octo
481 2269 601 2323 homines
614 2285 705 2340 parare
718 2276 809 2322 reone.

227 2343 310 2396 Atini
324 2342 415 2398 nullus
429 2352 482 2398 erat
495 2361 581 2416 neque
594 2344 646 2408 hic,
662 2359 748 2413 neque
760 2340 823 2405 illic,

227 2416 338 2473 fractum
351 2421 398 2490 qui
414 2420 507 2473 veteris
520 2418 614 2490 pedem
626 2416 727 2490 grabati

227 2496 254 2548 in
268 2493 333 2550 colio
346 2494 398 2549 sibi
411 2494 536 2549 collocare
547 2501 644 2564 posset.

228 2571 274 2624 iiio
287 2568 341 2635 ilia,
359 2578 386 2624 ut
399 2569 487 2624 decuit
499 2566 683 2630 cinaediorem‚

148 2657 156 2680 f
225 2663 332 2719 quaeso,
349 2645 446 2717 inquit,
462 2643 540 2707 mihi,
554 2641 592 2696 mi
605 2639 715 2704 Catulle,
733 2639 843 2710 paulum
