2030 3040
184 143 231 196 ⁴72
447 139 659 196 PROPERTII
698 138 700 146 ’

404 353 567 398 suren
595 353 701 399 xv111.
1004 335 1007 532 ⁴

181 460 258 522 Haec
271 475 338 522 uerte
347 467 447 523 deserta
458 467 521 532 locu,
533 475 558 523 st
566 468 695 522 taciturna
704 471 833 541 querenti,

219 551 244 598 et
254 559 368 597 vacuum
378 542 491 616 Zephyri
499 542 616 614 possidet
625 560 688 597 auru
698 559 803 598 nemus.

181 617 230 671 Hic
240 616 299 670 licet
307 616 421 672 ooeultos
430 615 545 688 proferre
554 617 664 688 impune
672 616 782 682 dolorss,

220 692 243 746 si
252 690 331 746 modo
339 690 394 746 sola
403 698 501 762 queunt
510 708 573 746 saxu
582 698 669 746 tenere
681 691 770 746 fidem.
1006 697 1007 772 t

128 777 139 818 5
183 766 257 820 Unde
267 772 326 820 tuos
335 765 454 836 primum
464 772 587 836 repetam,
598 782 657 820 mea
669 765 792 840 Cynthia,
804 767 907 823 fastus?

220 839 296 906 Quod
305 840 373 895 mihi
383 838 430 894 das
440 839 528 906 flendi,
541 839 664 914 Cynthia,
678 840 860 913 principium?

183 915 234 982 Qui
245 914 323 969 modo
331 913 419 968 felices
429 914 497 969 inter
507 914 667 970 numerabar
675 923 801 982 amantes,

221 1006 293 1043 nunc
304 988 332 1042 in
343 1005 430 1042 amore
439 996 484 1043 tuo
493 1005 571 1063 sogor
580 989 677 1044 habere
686 997 784 1045 notam.

183 1063 254 1130 Quid
264 1070 366 1117 tantum
375 1063 478 1118 merui‘?
497 1064 796 1136 quaetemihicriminu
809 1066 932 1120 mutauit

129 1150 154 1192 tu
222 1143 264 1192 An
275 1155 343 1192 nova
354 1137 473 1193 tristitiae
481 1155 560 1194 causa
569 1138 656 1210 puella
665 1137 742 1194 tuae?

183 1213 226 1268 sic
237 1212 304 1266 mihi
315 1220 340 1268 ts
348 1212 443 1268 referas
453 1213 527 1280 levis,
539 1222 569 1269 ut
578 1231 631 1270 non
641 1212 720 1270 altera
731 1222 819 1271 nostro

219 1287 312 1342 limine
321 1287 448 1344 formosos
457 1288 609 1344 intulitulla
619 1288 708 1362 pedes.

183 1363 312 1430 Quamvis
323 1363 406 1418 multa
415 1364 464 1419 tibi
473 1363 548 1420 dolor
556 1364 601 1418 hio
609 1381 685 1419 meus
695 1381 784 1436 aspera
794 1363 879 1429 debet,

220 1454 273 1493 non
283 1438 318 1492 itu
328 1455 405 1494 saeva
416 1446 502 1494 tamen
512 1439 613 1498 uenerit
622 1439 660 1494 ira
669 1455 736 1504 mea,

129 1525 153 1566 15
185 1519 213 1568 ut
222 1513 270 1567 tibi
280 1513 331 1567 sim
342 1513 434 1570 merito
443 1531 546 1587 semper
555 1513 636 1579 furor,
647 1521 673 1568 et
682 1520 727 1570 tua
739 1510 824 1568 flendo

221 1587 323 1643 lumina
332 1588 439 1644 deiectis
448 1589 534 1661 turpia
547 1589 600 1644 sint
609 1587 735 1642 lacrimis.

183 1663 223 1718 An
236 1663 300 1734 quia
310 1681 391 1736 parva
401 1664 496 1719 damus
510 1670 610 1718 mutato
618 1663 696 1736 signa
705 1661 796 1725 calore,
1006 1693 1007 1754 p

220 1745 245 1792 et
253 1755 305 1793 non
316 1738 371 1794 ulla
380 1755 438 1794 meo
447 1739 541 1794 clamat
550 1739 577 1792 in
589 1753 633 1792 ore
645 1735 729 1790 fidus?
1006 1755 1007 1828 p

183 1814 235 1868 Vos
243 1813 315 1867 eritis
323 1821 410 1879 testes,
424 1815 446 1868 si
457 1829 524 1885 quos
534 1811 613 1866 habet
622 1811 699 1864 arbor
710 1826 820 1871 umores,
1006 1837 1007 1840 ¹

127 1898 153 1943 20
222 1887 308 1961 fagus,
320 1896 345 1942 et
354 1887 464 1942 Arcadio
475 1887 556 1956 pinus
564 1884 649 1938 amica
658 1882 715 1935 deo.

182 1961 223 2016 Ah
233 1963 334 2034 quoties
344 1969 444 2015 teneras
455 1963 577 2012 resonant
585 1972 643 2009 mea
653 1953 733 2010 verba
745 1955 796 2008 sub
806 1952 926 2022 umbras,

219 2036 343 2090 scribitur
351 2041 376 2087 et
389 2033 481 2087 vestris
491 2030 604 2102 Cynthia
613 2027 767 2082 oorticibus!

182 2112 232 2174 An,
244 2117 288 2164 tua
298 2106 370 2178 quod
379 2105 478 2176 peperit
488 2102 564 2158 nobis
574 2102 671 2157 iniuria
680 2119 766 2168 curus,

218 2199 286 2255 quus
295 2179 382 2234 solum
392 2179 475 2234 tacitis
485 2178 587 2252 cognita
597 2186 661 2233 suut
669 2175 789 2234 foribus?

127 2271 152 2312 25
181 2256 276 2314 Omnia
286 2255 411 2310 consuevi
422 2253 531 2308 timidus
540 2252 652 2326 perferre
660 2254 789 2325 superbae

219 2332 299 2395 iussa,
312 2346 398 2403 neque
407 2337 498 2404 arguto
511 2329 569 2383 ficta
579 2328 667 2384 dolore
675 2329 761 2401 queri.

183 2408 231 2460 Pro
240 2421 303 2475 quo,
314 2404 352 2472 di,
363 2407 420 2462 vivi
430 2405 521 2469 fontes,
534 2411 558 2460 et
567 2403 664 2478 frigida
672 2421 761 2476 rupes,

219 2487 243 2534 et
252 2479 325 2535 datur
340 2480 439 2539 inculto
447 2480 550 2536 tramite
559 2478 625 2534 dura
634 2479 719 2552 quies,

182 2562 205 2609 et
216 2554 395 2629 quodeunque
405 2573 478 2612 meae
486 2561 598 2626 possunt
607 2571 713 2609 narrare
722 2551 851 2626 querelae.

129 2639 153 2681 tu
221 2647 298 2704 sogor
309 2631 342 2686 ad
351 2640 458 2708 argutas
467 2630 553 2686 dioere
562 2629 634 2686 sulus
644 2645 715 2688 ures.
