<?xml version="1.0" encoding="UTF-8"?>
<!DOCTYPE html PUBLIC "-//W3C//DTD XHTML 1.0 Transitional//EN"
    "http://www.w3.org/TR/xhtml1/DTD/xhtml1-transitional.dtd">
<html xmlns="http://www.w3.org/1999/xhtml" xml:lang="en" lang="en">
 <head>
  <title>
</title>
<meta http-equiv="Content-Type" content="text/html;charset=utf-8" />
  <meta name='ocr-system' content='tesseract 3.04.00' />
  <meta name='ocr-capabilities' content='ocr_page ocr_carea ocr_par ocr_line ocrx_word'/>
</head>
<body>
  <div class='ocr_page' id='page_1' title='image "./catullitibullie00propgoog_0165.png"; bbox 0 0 2028 3034; ppageno 0'>
   <div class='ocr_carea' id='block_1_1' title="bbox 239 163 697 221">
    <p class='ocr_par' dir='ltr' id='par_1_1' title="bbox 239 163 697 221">
     <span class='ocr_line' id='line_1_1' title="bbox 239 163 697 221; baseline 0.007 -5"><span class='ocrx_word' id='word_1_1' title='bbox 239 165 272 216; x_wconf 80' lang='lat'><strong>78</strong></span> <span class='ocrx_word' id='word_1_2' title='bbox 526 163 697 221; x_wconf 79' lang='lat' dir='ltr'>CITULLI</span> 
     </span>
    </p>
   </div>
   <div class='ocr_carea' id='block_1_2' title="bbox 184 272 999 1016">
    <p class='ocr_par' dir='ltr' id='par_1_2' title="bbox 184 272 999 1016">
     <span class='ocr_line' id='line_1_2' title="bbox 277 272 999 344; baseline 0.008 -18"><span class='ocrx_word' id='word_1_3' title='bbox 277 272 306 326; x_wconf 87' lang='lat' dir='ltr'><strong>iu</strong></span> <span class='ocrx_word' id='word_1_4' title='bbox 318 273 415 328; x_wconf 83' lang='lat' dir='ltr'><strong>misero</strong></span> <span class='ocrx_word' id='word_1_5' title='bbox 427 273 476 328; x_wconf 82' lang='lat' dir='ltr'><strong>hou</strong></span> <span class='ocrx_word' id='word_1_6' title='bbox 489 280 586 340; x_wconf 87' lang='lat' dir='ltr'><strong>nostro,</strong></span> <span class='ocrx_word' id='word_1_7' title='bbox 601 273 652 327; x_wconf 85' lang='lat' dir='ltr'><strong>hoe</strong></span> <span class='ocrx_word' id='word_1_8' title='bbox 662 272 765 344; x_wconf 85' lang='lat' dir='ltr'><strong>perdite</strong></span> <span class='ocrx_word' id='word_1_9' title='bbox 776 290 865 331; x_wconf 85' lang='lat' dir='ltr'><strong>amore</strong></span> <span class='ocrx_word' id='word_1_10' title='bbox 876 274 939 341; x_wconf 87' lang='lat' dir='ltr'><strong>iore,</strong></span> <span class='ocrx_word' id='word_1_11' title='bbox 998 290 999 322; x_wconf 55' lang='lat' dir='ltr'>f</span> 
     </span>
     <span class='ocr_line' id='line_1_3' title="bbox 239 345 984 422; baseline 0.008 -22"><span class='ocrx_word' id='word_1_12' title='bbox 239 345 312 417; x_wconf 89' lang='lat' dir='ltr'><strong>quod</strong></span> <span class='ocrx_word' id='word_1_13' title='bbox 325 355 349 400; x_wconf 87' lang='lat' dir='ltr'><strong>ta</strong></span> <span class='ocrx_word' id='word_1_14' title='bbox 361 364 515 421; x_wconf 76' lang='lat' dir='ltr'>cognossem</span> <span class='ocrx_word' id='word_1_15' title='bbox 529 348 609 413; x_wconf 85' lang='lat' dir='ltr'><strong>hene,</strong></span> <span class='ocrx_word' id='word_1_16' title='bbox 628 354 843 420; x_wconf 74' lang='lat' dir='ltr'><strong>constantemque</strong></span> <span class='ocrx_word' id='word_1_17' title='bbox 854 359 984 422; x_wconf 85' lang='lat' dir='ltr'><strong>putarem,</strong></span> 
     </span>
     <span class='ocr_line' id='line_1_4' title="bbox 277 422 901 494; baseline 0.008 -19"><span class='ocrx_word' id='word_1_18' title='bbox 277 429 322 475; x_wconf 87' lang='lat' dir='ltr'><strong>aut</strong></span> <span class='ocrx_word' id='word_1_19' title='bbox 334 438 436 492; x_wconf 83' lang='lat' dir='ltr'><strong>pueeea</strong></span> <span class='ocrx_word' id='word_1_20' title='bbox 449 423 522 494; x_wconf 87' lang='lat' dir='ltr'><strong>turpi</strong></span> <span class='ocrx_word' id='word_1_21' title='bbox 535 429 650 477; x_wconf 89' lang='lat' dir='ltr'><strong>mentem</strong></span> <span class='ocrx_word' id='word_1_22' title='bbox 663 422 785 476; x_wconf 86' lang='lat' dir='ltr'><strong>inhibere</strong></span> <span class='ocrx_word' id='word_1_23' title='bbox 796 425 901 494; x_wconf 83' lang='lat' dir='ltr'><strong>probro,</strong></span> 
     </span>
     <span class='ocr_line' id='line_1_5' title="bbox 184 494 985 625; baseline 0.01 -79"><span class='ocrx_word' id='word_1_24' title='bbox 184 505 196 546; x_wconf 78' lang='lat'><strong>5</strong></span> <span class='ocrx_word' id='word_1_25' title='bbox 239 494 286 549; x_wconf 86' lang='lat' dir='ltr'><strong>sed</strong></span> <span class='ocrx_word' id='word_1_26' title='bbox 302 494 376 568; x_wconf 86' lang='lat' dir='ltr'><strong>quod</strong></span> <span class='ocrx_word' id='word_1_27' title='bbox 394 513 442 552; x_wconf 85' lang='lat' dir='ltr'><strong>neo</strong></span> <span class='ocrx_word' id='word_1_28' title='bbox 457 507 582 563; x_wconf 84' lang='lat' dir='ltr'><strong>matrem,</strong></span> <span class='ocrx_word' id='word_1_29' title='bbox 607 513 655 552; x_wconf 83' lang='lat' dir='ltr'><strong>neo</strong></span> <span class='ocrx_word' id='word_1_30' title='bbox 666 513 821 625; x_wconf 62' lang='lat' dir='ltr'><strong>germlanam</strong></span> <span class='ocrx_word' id='word_1_31' title='bbox 837 515 894 554; x_wconf 75' lang='lat' dir='ltr'><strong>ease</strong></span> <span class='ocrx_word' id='word_1_32' title='bbox 913 500 985 555; x_wconf 89' lang='lat' dir='ltr'><strong>vida-</strong></span> 
     </span>
     <span class='ocr_line' id='line_1_6' title="bbox 756 589 799 624; baseline 0 0"><span class='ocrx_word' id='word_1_33' title='bbox 756 589 799 624; x_wconf 90' lang='lat' dir='ltr'><strong>am</strong></span> 
     </span>
     <span class='ocr_line' id='line_1_7' title="bbox 277 644 889 718; baseline 0.002 -20"><span class='ocrx_word' id='word_1_34' title='bbox 277 644 346 699; x_wconf 83' lang='lat' dir='ltr'><strong>hane</strong></span> <span class='ocrx_word' id='word_1_35' title='bbox 357 645 414 710; x_wconf 86' lang='lat' dir='ltr'><strong>tibi,</strong></span> <span class='ocrx_word' id='word_1_36' title='bbox 429 646 507 700; x_wconf 82' lang='lat' dir='ltr'><strong>cuius</strong></span> <span class='ocrx_word' id='word_1_37' title='bbox 519 662 562 699; x_wconf 91' lang='lat' dir='ltr'><strong>me</strong></span> <span class='ocrx_word' id='word_1_38' title='bbox 573 661 689 718; x_wconf 80' lang='lat' dir='ltr'><strong>magnus</strong></span> <span class='ocrx_word' id='word_1_39' title='bbox 701 645 795 700; x_wconf 86' lang='lat' dir='ltr'><strong>edebat</strong></span> <span class='ocrx_word' id='word_1_40' title='bbox 806 661 889 700; x_wconf 90' lang='lat' dir='ltr'><strong>amor.</strong></span> 
     </span>
     <span class='ocr_line' id='line_1_8' title="bbox 240 718 869 793; baseline 0 -20"><span class='ocrx_word' id='word_1_41' title='bbox 240 719 275 773; x_wconf 91' lang='lat' dir='ltr'><strong>Et</strong></span> <span class='ocrx_word' id='word_1_42' title='bbox 286 720 411 790; x_wconf 86' lang='lat' dir='ltr'><strong>quamvis</strong></span> <span class='ocrx_word' id='word_1_43' title='bbox 424 727 511 774; x_wconf 89' lang='lat' dir='ltr'><strong>teoum</strong></span> <span class='ocrx_word' id='word_1_44' title='bbox 523 718 609 774; x_wconf 79' lang='lat' dir='ltr'><strong>multe</strong></span> <span class='ocrx_word' id='word_1_45' title='bbox 621 719 795 793; x_wconf 77' lang='lat' dir='ltr'><strong>ooniungerer</strong></span> <span class='ocrx_word' id='word_1_46' title='bbox 807 737 869 784; x_wconf 77' lang='lat' dir='ltr'><strong>auu,</strong></span> 
     </span>
     <span class='ocr_line' id='line_1_9' title="bbox 276 792 861 849; baseline 0.002 -2"><span class='ocrx_word' id='word_1_47' title='bbox 276 809 329 847; x_wconf 92' lang='lat' dir='ltr'><strong>non</strong></span> <span class='ocrx_word' id='word_1_48' title='bbox 342 793 405 847; x_wconf 84' lang='lat' dir='ltr'><strong>eatis</strong></span> <span class='ocrx_word' id='word_1_49' title='bbox 417 792 445 847; x_wconf 93' lang='lat' dir='ltr'><strong>id</strong></span> <span class='ocrx_word' id='word_1_50' title='bbox 457 811 551 849; x_wconf 80' lang='lat' dir='ltr'><strong>causae</strong></span> <span class='ocrx_word' id='word_1_51' title='bbox 563 792 722 848; x_wconf 80' lang='lat' dir='ltr'><strong>uedidernm</strong></span> <span class='ocrx_word' id='word_1_52' title='bbox 736 811 792 848; x_wconf 88' lang='lat' dir='ltr'><strong>eese</strong></span> <span class='ocrx_word' id='word_1_53' title='bbox 802 793 861 849; x_wconf 89' lang='lat' dir='ltr'><strong>tibi.</strong></span> 
     </span>
     <span class='ocr_line' id='line_1_10' title="bbox 239 867 947 941; baseline 0.001 -20"><span class='ocrx_word' id='word_1_54' title='bbox 239 868 280 923; x_wconf 83' lang='lat' dir='ltr'><strong>Tu</strong></span> <span class='ocrx_word' id='word_1_55' title='bbox 292 867 356 920; x_wconf 90' lang='lat' dir='ltr'><strong>satis</strong></span> <span class='ocrx_word' id='word_1_56' title='bbox 368 867 396 921; x_wconf 92' lang='lat' dir='ltr'><strong>id</strong></span> <span class='ocrx_word' id='word_1_57' title='bbox 408 868 498 923; x_wconf 81' lang='lat' dir='ltr'><strong>duxti:</strong></span> <span class='ocrx_word' id='word_1_58' title='bbox 513 875 616 923; x_wconf 88' lang='lat' dir='ltr'><strong>tantum</strong></span> <span class='ocrx_word' id='word_1_59' title='bbox 629 868 677 922; x_wconf 83' lang='lat' dir='ltr'><strong>tibi</strong></span> <span class='ocrx_word' id='word_1_60' title='bbox 690 867 820 941; x_wconf 80' lang='lat' dir='ltr'><strong>gaudium</strong></span> <span class='ocrx_word' id='word_1_61' title='bbox 833 869 861 923; x_wconf 90' lang='lat' dir='ltr'><strong>in</strong></span> <span class='ocrx_word' id='word_1_62' title='bbox 874 871 947 924; x_wconf 88' lang='lat' dir='ltr'><strong>omni</strong></span> 
     </span>
     <span class='ocr_line' id='line_1_11' title="bbox 184 940 934 1016; baseline 0.005 -24"><span class='ocrx_word' id='word_1_63' title='bbox 184 951 210 993; x_wconf 85' lang='lat' dir='ltr'><strong>tu</strong></span> <span class='ocrx_word' id='word_1_64' title='bbox 275 940 354 1014; x_wconf 83' lang='lat' dir='ltr'><strong>eulpa</strong></span> <span class='ocrx_word' id='word_1_65' title='bbox 366 949 414 1006; x_wconf 84' lang='lat' dir='ltr'><strong>est,</strong></span> <span class='ocrx_word' id='word_1_66' title='bbox 429 943 457 997; x_wconf 91' lang='lat' dir='ltr'><strong>in</strong></span> <span class='ocrx_word' id='word_1_67' title='bbox 470 959 642 1016; x_wconf 80' lang='lat' dir='ltr'><strong>quacumque</strong></span> <span class='ocrx_word' id='word_1_68' title='bbox 654 951 693 996; x_wconf 82' lang='lat' dir='ltr'><strong>eet</strong></span> <span class='ocrx_word' id='word_1_69' title='bbox 705 942 808 1016; x_wconf 87' lang='lat' dir='ltr'><strong>aliquid</strong></span> <span class='ocrx_word' id='word_1_70' title='bbox 819 942 934 998; x_wconf 79' lang='lat' dir='ltr'><strong>eueleris.</strong></span> 
     </span>
    </p>
   </div>
   <div class='ocr_carea' id='block_1_3' title="bbox 238 1069 1002 1244">
    <p class='ocr_par' dir='ltr' id='par_1_3' title="bbox 238 1069 1002 1244">
     <span class='ocr_line' id='line_1_12' title="bbox 449 1069 772 1118; baseline -0.003 -2"><span class='ocrx_word' id='word_1_71' title='bbox 449 1069 524 1116; x_wconf 73' lang='lat' dir='ltr'><strong>xci.</strong></span> <span class='ocrx_word' id='word_1_72' title='bbox 554 1072 601 1116; x_wconf 84' lang='lat' dir='ltr'><strong>DE</strong></span> <span class='ocrx_word' id='word_1_73' title='bbox 631 1071 772 1118; x_wconf 78' lang='lat' dir='ltr'>LESBIA.</span> 
     </span>
     <span class='ocr_line' id='line_1_13' title="bbox 238 1153 1002 1244; baseline 0.008 -30"><span class='ocrx_word' id='word_1_74' title='bbox 238 1153 339 1216; x_wconf 82' lang='lat' dir='ltr'><strong>Lesbia</strong></span> <span class='ocrx_word' id='word_1_75' title='bbox 351 1167 390 1218; x_wconf 81' lang='lat' dir='ltr'><strong>mi</strong></span> <span class='ocrx_word' id='word_1_76' title='bbox 407 1161 472 1218; x_wconf 84' lang='lat' dir='ltr'><strong>dicit</strong></span> <span class='ocrx_word' id='word_1_77' title='bbox 484 1181 588 1236; x_wconf 86' lang='lat' dir='ltr'><strong>semper</strong></span> <span class='ocrx_word' id='word_1_78' title='bbox 600 1164 677 1230; x_wconf 88' lang='lat' dir='ltr'><strong>male,</strong></span> <span class='ocrx_word' id='word_1_79' title='bbox 694 1181 742 1220; x_wconf 83' lang='lat' dir='ltr'><strong>nee</strong></span> <span class='ocrx_word' id='word_1_80' title='bbox 754 1171 820 1218; x_wconf 80' lang='lat' dir='ltr'><strong>tanet</strong></span> <span class='ocrx_word' id='word_1_81' title='bbox 832 1180 962 1235; x_wconf 91' lang='lat' dir='ltr'><strong>umquam</strong></span> <span class='ocrx_word' id='word_1_82' title='bbox 1001 1206 1002 1244; x_wconf 56' lang='lat'>3</span> 
     </span>
    </p>
   </div>
   <div class='ocr_carea' id='block_1_4' title="bbox 238 1235 1002 1460">
    <p class='ocr_par' dir='ltr' id='par_1_4' title="bbox 238 1235 1002 1460">
     <span class='ocr_line' id='line_1_14' title="bbox 275 1235 1002 1311; baseline 0.004 -21"><span class='ocrx_word' id='word_1_83' title='bbox 275 1235 308 1290; x_wconf 88' lang='lat' dir='ltr'><strong>de</strong></span> <span class='ocrx_word' id='word_1_84' title='bbox 320 1254 375 1292; x_wconf 90' lang='lat' dir='ltr'><strong>me:</strong></span> <span class='ocrx_word' id='word_1_85' title='bbox 391 1237 484 1294; x_wconf 86' lang='lat' dir='ltr'><strong>Lesbia</strong></span> <span class='ocrx_word' id='word_1_86' title='bbox 496 1256 548 1304; x_wconf 88' lang='lat' dir='ltr'><strong>me,</strong></span> <span class='ocrx_word' id='word_1_87' title='bbox 563 1238 719 1311; x_wconf 71' lang='lat' dir='ltr'><strong>dispeream,</strong></span> <span class='ocrx_word' id='word_1_88' title='bbox 734 1238 787 1294; x_wconf 86' lang='lat' dir='ltr'><strong>nisi</strong></span> <span class='ocrx_word' id='word_1_89' title='bbox 800 1245 879 1294; x_wconf 89' lang='lat' dir='ltr'><strong>amat.</strong></span> <span class='ocrx_word' id='word_1_90' title='bbox 1001 1285 1002 1310; x_wconf 35' lang='lat'>1</span> 
     </span>
     <span class='ocr_line' id='line_1_15' title="bbox 238 1309 1002 1386; baseline 0.001 -21"><span class='ocrx_word' id='word_1_91' title='bbox 238 1311 297 1377; x_wconf 87' lang='lat' dir='ltr'><strong>Quo</strong></span> <span class='ocrx_word' id='word_1_92' title='bbox 309 1309 405 1384; x_wconf 75' lang='lat' dir='ltr'><strong>signo?</strong></span> <span class='ocrx_word' id='word_1_93' title='bbox 417 1314 480 1386; x_wconf 89' lang='lat' dir='ltr'><strong>quia</strong></span> <span class='ocrx_word' id='word_1_94' title='bbox 493 1321 558 1368; x_wconf 87' lang='lat' dir='ltr'><strong>sunt</strong></span> <span class='ocrx_word' id='word_1_95' title='bbox 568 1313 676 1369; x_wconf 85' lang='lat' dir='ltr'><strong>totidem</strong></span> <span class='ocrx_word' id='word_1_96' title='bbox 689 1331 760 1369; x_wconf 85' lang='lat' dir='ltr'><strong>mea:</strong></span> <span class='ocrx_word' id='word_1_97' title='bbox 775 1313 899 1384; x_wconf 88' lang='lat' dir='ltr'><strong>depraour</strong></span> <span class='ocrx_word' id='word_1_98' title='bbox 911 1313 983 1369; x_wconf 87' lang='lat' dir='ltr'><strong>iliam</strong></span> <span class='ocrx_word' id='word_1_99' title='bbox 1001 1313 1002 1374; x_wconf 70' lang='lat' dir='ltr'><strong>i</strong></span> 
     </span>
     <span class='ocr_line' id='line_1_16' title="bbox 275 1387 836 1460; baseline 0.002 -19"><span class='ocrx_word' id='word_1_100' title='bbox 275 1387 394 1448; x_wconf 83' lang='lat' dir='ltr'><strong>assidue:</strong></span> <span class='ocrx_word' id='word_1_101' title='bbox 421 1406 516 1444; x_wconf 85' lang='lat' dir='ltr'><strong>verum</strong></span> <span class='ocrx_word' id='word_1_102' title='bbox 528 1388 685 1460; x_wconf 70' lang='lat' dir='ltr'><strong>dispeream,</strong></span> <span class='ocrx_word' id='word_1_103' title='bbox 700 1389 753 1444; x_wconf 84' lang='lat' dir='ltr'><strong>nisi</strong></span> <span class='ocrx_word' id='word_1_104' title='bbox 765 1405 836 1442; x_wconf 90' lang='lat' dir='ltr'><strong>amu.</strong></span> 
     </span>
    </p>
   </div>
   <div class='ocr_carea' id='block_1_5' title="bbox 412 1516 805 1562">
    <p class='ocr_par' dir='ltr' id='par_1_5' title="bbox 412 1516 805 1562">
     <span class='ocr_line' id='line_1_17' title="bbox 412 1516 805 1562; baseline -0.003 -2"><span class='ocrx_word' id='word_1_105' title='bbox 412 1516 502 1560; x_wconf 82' lang='lat' dir='ltr'>xcll.</span> <span class='ocrx_word' id='word_1_106' title='bbox 530 1516 570 1561; x_wconf 86' lang='lat' dir='ltr'><strong>IN</strong></span> <span class='ocrx_word' id='word_1_107' title='bbox 600 1516 805 1562; x_wconf 74' lang='lat' dir='ltr'>CAESAREM.</span> 
     </span>
    </p>
   </div>
   <div class='ocr_carea' id='block_1_6' title="bbox 238 1596 917 1748">
    <p class='ocr_par' dir='ltr' id='par_1_6' title="bbox 238 1596 917 1748">
     <span class='ocr_line' id='line_1_18' title="bbox 238 1596 917 1680; baseline 0.007 -20"><span class='ocrx_word' id='word_1_108' title='bbox 238 1596 288 1664; x_wconf 91' lang='lat' dir='ltr'><strong>Nil</strong></span> <span class='ocrx_word' id='word_1_109' title='bbox 302 1608 416 1663; x_wconf 75' lang='lat' dir='ltr'><strong>niqum</strong></span> <span class='ocrx_word' id='word_1_110' title='bbox 430 1607 532 1673; x_wconf 79' lang='lat' dir='ltr'><strong>studeo,</strong></span> <span class='ocrx_word' id='word_1_111' title='bbox 546 1608 649 1672; x_wconf 83' lang='lat' dir='ltr'><strong>Caesar,</strong></span> <span class='ocrx_word' id='word_1_112' title='bbox 665 1607 713 1662; x_wconf 91' lang='lat' dir='ltr'><strong>tihi</strong></span> <span class='ocrx_word' id='word_1_113' title='bbox 727 1606 794 1662; x_wconf 90' lang='lat' dir='ltr'><strong>velle</strong></span> <span class='ocrx_word' id='word_1_114' title='bbox 805 1607 917 1680; x_wconf 85' lang='lat' dir='ltr'><strong>plaeere,</strong></span> 
     </span>
     <span class='ocr_line' id='line_1_19' title="bbox 275 1681 872 1748; baseline 0.003 -12"><span class='ocrx_word' id='word_1_115' title='bbox 275 1699 324 1737; x_wconf 86' lang='lat' dir='ltr'><strong>nec</strong></span> <span class='ocrx_word' id='word_1_116' title='bbox 335 1684 410 1748; x_wconf 85' lang='lat' dir='ltr'><strong>seire,</strong></span> <span class='ocrx_word' id='word_1_117' title='bbox 425 1689 517 1739; x_wconf 90' lang='lat' dir='ltr'><strong>utrum</strong></span> <span class='ocrx_word' id='word_1_118' title='bbox 529 1683 567 1738; x_wconf 83' lang='lat' dir='ltr'><strong>sie</strong></span> <span class='ocrx_word' id='word_1_119' title='bbox 579 1681 657 1738; x_wconf 88' lang='lat' dir='ltr'><strong>albus</strong></span> <span class='ocrx_word' id='word_1_120' title='bbox 668 1699 702 1737; x_wconf 85' lang='lat' dir='ltr'><strong>an</strong></span> <span class='ocrx_word' id='word_1_121' title='bbox 716 1691 770 1737; x_wconf 88' lang='lat' dir='ltr'><strong>ater</strong></span> <span class='ocrx_word' id='word_1_122' title='bbox 782 1682 872 1738; x_wconf 88' lang='lat' dir='ltr'><strong>homo.</strong></span> 
     </span>
    </p>
   </div>
   <div class='ocr_carea' id='block_1_7' title="bbox 402 1808 818 1856">
    <p class='ocr_par' dir='ltr' id='par_1_7' title="bbox 402 1808 818 1856">
     <span class='ocr_line' id='line_1_20' title="bbox 402 1808 818 1856; baseline 0 -3"><span class='ocrx_word' id='word_1_123' title='bbox 402 1809 507 1854; x_wconf 82' lang='lat' dir='ltr'>XCIII.</span> <span class='ocrx_word' id='word_1_124' title='bbox 535 1809 575 1856; x_wconf 87' lang='lat' dir='ltr'><strong>IN</strong></span> <span class='ocrx_word' id='word_1_125' title='bbox 598 1808 818 1854; x_wconf 76' lang='lat' dir='ltr'><strong>MENTULAM.</strong></span> 
     </span>
    </p>
   </div>
   <div class='ocr_carea' id='block_1_8' title="bbox 237 1891 938 2047">
    <p class='ocr_par' dir='ltr' id='par_1_8' title="bbox 237 1891 938 2047">
     <span class='ocr_line' id='line_1_21' title="bbox 237 1891 938 1957; baseline 0.003 -2"><span class='ocrx_word' id='word_1_126' title='bbox 237 1891 361 1956; x_wconf 79' lang='lat' dir='ltr'><strong>Mentula</strong></span> <span class='ocrx_word' id='word_1_127' title='bbox 374 1900 539 1956; x_wconf 79' lang='lat' dir='ltr'><strong>moaohaur:</strong></span> <span class='ocrx_word' id='word_1_128' title='bbox 550 1899 703 1955; x_wconf 81' lang='lat' dir='ltr'><strong>moechatur</strong></span> <span class='ocrx_word' id='word_1_129' title='bbox 715 1899 846 1954; x_wconf 77' lang='lat' dir='ltr'><strong>mentula:</strong></span> <span class='ocrx_word' id='word_1_130' title='bbox 859 1911 938 1957; x_wconf 83' lang='lat' dir='ltr'><strong>uerte.</strong></span> 
     </span>
     <span class='ocr_line' id='line_1_22' title="bbox 274 1971 884 2047; baseline -0.003 -17"><span class='ocrx_word' id='word_1_131' title='bbox 274 1975 329 2030; x_wconf 88' lang='lat' dir='ltr'>IIoo</span> <span class='ocrx_word' id='word_1_132' title='bbox 340 1983 379 2029; x_wconf 87' lang='lat' dir='ltr'><strong>eet</strong></span> <span class='ocrx_word' id='word_1_133' title='bbox 391 1972 464 2046; x_wconf 88' lang='lat' dir='ltr'><strong>quod</strong></span> <span class='ocrx_word' id='word_1_134' title='bbox 475 1972 581 2028; x_wconf 80' lang='lat' dir='ltr'><strong>dicum:</strong></span> <span class='ocrx_word' id='word_1_135' title='bbox 596 1975 656 2044; x_wconf 88' lang='lat' dir='ltr'><strong>Ipsa</strong></span> <span class='ocrx_word' id='word_1_136' title='bbox 667 1972 737 2028; x_wconf 85' lang='lat' dir='ltr'><strong>alera</strong></span> <span class='ocrx_word' id='word_1_137' title='bbox 750 1971 800 2027; x_wconf 88' lang='lat' dir='ltr'><strong>ulla</strong></span> <span class='ocrx_word' id='word_1_138' title='bbox 811 1972 884 2047; x_wconf 80' lang='lat' dir='ltr'><strong>legit.</strong></span> 
     </span>
    </p>
   </div>
   <div class='ocr_carea' id='block_1_9' title="bbox 250 2099 971 2152">
    <p class='ocr_par' dir='ltr' id='par_1_9' title="bbox 250 2099 971 2152">
     <span class='ocr_line' id='line_1_23' title="bbox 250 2099 971 2152; baseline 0.008 -8"><span class='ocrx_word' id='word_1_139' title='bbox 250 2100 351 2144; x_wconf 83' lang='lat' dir='ltr'><strong>xclv.</strong></span> <span class='ocrx_word' id='word_1_140' title='bbox 381 2101 427 2144; x_wconf 80' lang='lat' dir='ltr'><strong>DE</strong></span> <span class='ocrx_word' id='word_1_141' title='bbox 457 2100 608 2146; x_wconf 74' lang='lat' dir='ltr'><strong>sMYttNA</strong></span> <span class='ocrx_word' id='word_1_142' title='bbox 638 2099 780 2144; x_wconf 70' lang='lat' dir='ltr'><strong>climart</strong></span> <span class='ocrx_word' id='word_1_143' title='bbox 810 2101 971 2152; x_wconf 66' lang='lat' dir='ltr'><strong>Poetae.</strong></span> 
     </span>
    </p>
   </div>
   <div class='ocr_carea' id='block_1_10' title="bbox 235 2185 984 2418">
    <p class='ocr_par' dir='ltr' id='par_1_10' title="bbox 235 2185 984 2418">
     <span class='ocr_line' id='line_1_24' title="bbox 237 2185 984 2266; baseline 0.011 -18"><span class='ocrx_word' id='word_1_144' title='bbox 237 2185 357 2266; x_wconf 81' lang='lat' dir='ltr'>Smyrna</span> <span class='ocrx_word' id='word_1_145' title='bbox 369 2190 422 2246; x_wconf 87' lang='lat' dir='ltr'><strong>mei</strong></span> <span class='ocrx_word' id='word_1_146' title='bbox 434 2190 543 2256; x_wconf 82' lang='lat' dir='ltr'><strong>Cinnae,</strong></span> <span class='ocrx_word' id='word_1_147' title='bbox 558 2209 655 2249; x_wconf 87' lang='lat' dir='ltr'><strong>nonam</strong></span> <span class='ocrx_word' id='word_1_148' title='bbox 664 2201 724 2264; x_wconf 90' lang='lat' dir='ltr'><strong>post</strong></span> <span class='ocrx_word' id='word_1_149' title='bbox 733 2193 849 2265; x_wconf 88' lang='lat' dir='ltr'><strong>denique</strong></span> <span class='ocrx_word' id='word_1_150' title='bbox 857 2212 984 2259; x_wconf 81' lang='lat' dir='ltr'><strong>messem,</strong></span> 
     </span>
     <span class='ocr_line' id='line_1_25' title="bbox 273 2268 983 2341; baseline 0.008 -19"><span class='ocrx_word' id='word_1_151' title='bbox 273 2284 355 2340; x_wconf 89' lang='lat' dir='ltr'><strong>quam</strong></span> <span class='ocrx_word' id='word_1_152' title='bbox 371 2274 460 2339; x_wconf 82' lang='lat' dir='ltr'><strong>mepta</strong></span> <span class='ocrx_word' id='word_1_153' title='bbox 473 2275 521 2332; x_wconf 87' lang='lat' dir='ltr'><strong>eet,</strong></span> <span class='ocrx_word' id='word_1_154' title='bbox 540 2285 692 2340; x_wconf 81' lang='lat' dir='ltr'><strong>nonamque</strong></span> <span class='ocrx_word' id='word_1_155' title='bbox 703 2268 772 2324; x_wconf 81' lang='lat' dir='ltr'><strong>edita</strong></span> <span class='ocrx_word' id='word_1_156' title='bbox 785 2277 843 2341; x_wconf 85' lang='lat' dir='ltr'><strong>poet</strong></span> <span class='ocrx_word' id='word_1_157' title='bbox 857 2270 983 2339; x_wconf 81' lang='lat' dir='ltr'><strong>hiemem,</strong></span> 
     </span>
     <span class='ocr_line' id='line_1_26' title="bbox 235 2341 921 2418; baseline 0.01 -21"><span class='ocrx_word' id='word_1_158' title='bbox 235 2341 320 2398; x_wconf 87' lang='lat' dir='ltr'><strong>miliia</strong></span> <span class='ocrx_word' id='word_1_159' title='bbox 333 2350 419 2414; x_wconf 85' lang='lat' dir='ltr'><strong>quum</strong></span> <span class='ocrx_word' id='word_1_160' title='bbox 432 2343 527 2399; x_wconf 82' lang='lat' dir='ltr'><strong>interea</strong></span> <span class='ocrx_word' id='word_1_161' title='bbox 540 2343 687 2418; x_wconf 72' lang='lat' dir='ltr'><strong>quingenta</strong></span> <span class='ocrx_word' id='word_1_162' title='bbox 699 2345 853 2402; x_wconf 77' lang='lat' dir='ltr'><strong>Hortensius</strong></span> <span class='ocrx_word' id='word_1_163' title='bbox 864 2363 921 2403; x_wconf 86' lang='lat' dir='ltr'><strong>uno</strong></span> 
     </span>
    </p>
   </div>
   <div class='ocr_carea' id='block_1_11' title="bbox 235 2492 982 2718">
    <p class='ocr_par' dir='ltr' id='par_1_11' title="bbox 235 2492 982 2718">
     <span class='ocr_line' id='line_1_27' title="bbox 235 2492 982 2568; baseline 0.008 -20"><span class='ocrx_word' id='word_1_164' title='bbox 235 2492 350 2568; x_wconf 82' lang='lat' dir='ltr'><strong>Smyrna</strong></span> <span class='ocrx_word' id='word_1_165' title='bbox 367 2509 446 2548; x_wconf 82' lang='lat' dir='ltr'><strong>cavas</strong></span> <span class='ocrx_word' id='word_1_166' title='bbox 462 2493 579 2549; x_wconf 81' lang='lat' dir='ltr'><strong>barathri</strong></span> <span class='ocrx_word' id='word_1_167' title='bbox 590 2495 697 2566; x_wconf 85' lang='lat' dir='ltr'><strong>penitus</strong></span> <span class='ocrx_word' id='word_1_168' title='bbox 709 2494 826 2549; x_wconf 76' lang='lat' dir='ltr'><strong>mittetur</strong></span> <span class='ocrx_word' id='word_1_169' title='bbox 838 2493 872 2548; x_wconf 95' lang='lat' dir='ltr'><strong>ad</strong></span> <span class='ocrx_word' id='word_1_170' title='bbox 885 2498 982 2564; x_wconf 73' lang='lat' dir='ltr'><strong>undas,</strong></span> 
     </span>
     <span class='ocr_line' id='line_1_28' title="bbox 272 2567 876 2698; baseline -0.002 -75"><span class='ocrx_word' id='word_1_171' title='bbox 272 2567 416 2698; x_wconf 59' lang='grc' dir='ltr'><em>Βωῖῑηαω</em></span> <span class='ocrx_word' id='word_1_172' title='bbox 430 2569 524 2624; x_wconf 80' lang='lat' dir='ltr'><strong>incana</strong></span> <span class='ocrx_word' id='word_1_173' title='bbox 537 2567 584 2624; x_wconf 81' lang='lat' dir='ltr'><strong>diu</strong></span> <span class='ocrx_word' id='word_1_174' title='bbox 596 2569 700 2658; x_wconf 75' lang='lat' dir='ltr'><strong>saecula</strong></span> <span class='ocrx_word' id='word_1_175' title='bbox 712 2568 876 2656; x_wconf 80' lang='lat' dir='ltr'><strong>pervoluent.</strong></span> 
     </span>
     <span class='ocr_line' id='line_1_29' title="bbox 235 2641 934 2718; baseline 0.004 -19"><span class='ocrx_word' id='word_1_176' title='bbox 235 2645 269 2699; x_wconf 78' lang='lat' dir='ltr'><strong>tt</strong></span> <span class='ocrx_word' id='word_1_177' title='bbox 281 2644 319 2700; x_wconf 87' lang='lat' dir='ltr'><strong>Vo</strong></span> <span class='ocrx_word' id='word_1_178' title='bbox 331 2661 372 2699; x_wconf 82' lang='lat' dir='ltr'><strong>usi</strong></span> <span class='ocrx_word' id='word_1_179' title='bbox 385 2643 500 2700; x_wconf 81' lang='lat' dir='ltr'><strong>Annales</strong></span> <span class='ocrx_word' id='word_1_180' title='bbox 512 2641 618 2718; x_wconf 73' lang='lat' dir='ltr'><strong>Iduum</strong></span> <span class='ocrx_word' id='word_1_181' title='bbox 630 2652 776 2702; x_wconf 81' lang='lat' dir='ltr'><strong>morientur</strong></span> <span class='ocrx_word' id='word_1_182' title='bbox 788 2645 821 2700; x_wconf 90' lang='lat' dir='ltr'><strong>ad</strong></span> <span class='ocrx_word' id='word_1_183' title='bbox 834 2661 934 2716; x_wconf 82' lang='lat' dir='ltr'><strong>ipsum,</strong></span> 
     </span>
    </p>
   </div>
   <div class='ocr_carea' id='block_1_12' title="bbox 0 0 1018 3034">
    <p class='ocr_par' dir='ltr' id='par_1_12' title="bbox 0 0 1018 3034">
     <span class='ocr_line' id='line_1_30' title="bbox 0 0 1018 3034; baseline 0 1"><span class='ocrx_word' id='word_1_184' title='bbox 0 0 1018 3034; x_wconf 95' lang='lat' dir='ltr'><strong> </strong></span> 
     </span>
    </p>
   </div>
  </div>
 </body>
</html>
