2028 3034
278 171 485 226 CARMINUM
504 171 627 228 LIBER.
795 177 822 226 st

119 281 167 352 qui
180 278 273 334 sedens
286 279 413 335 adversus
426 279 568 334 identidem
581 287 606 334 te

232 361 330 425 spectat
341 362 366 408 et
377 354 451 408 audit

119 428 197 483 dulae
208 428 346 494 ridentem,
361 429 457 483 misero
469 427 542 500 quod
553 444 645 483 omnes

118 502 197 574 eripit
207 520 302 558 sensus
315 503 396 557 mihi:
410 519 473 557 nam
486 501 566 556 simul
579 509 612 566 te,

118 577 223 643 Lesbia,
239 578 338 649 aspexi,
354 576 421 632 nihil
435 583 564 647 estsuper
577 579 614 628 ml

119 724 212 798 lingua
224 725 271 781 sed
283 732 372 798 torpet,
388 725 474 781 tenuis
486 725 537 779 suh
550 732 622 780 artus

118 798 226 854 flamma
239 799 364 865 dimanat,
379 800 467 854 sonitu
476 806 568 870 suopte

118 874 243 930 tintinant
256 891 340 939 aures,
354 875 461 946 gemina
472 881 597 946 teguntur

232 948 333 1004 lumina
346 957 428 1003 noete.

118 1022 219 1088 Otium,
235 1022 343 1087 Catulle,
358 1023 407 1077 tibi
419 1021 558 1077 molestum
571 1031 622 1076 est:

118 1097 170 1151 otio
183 1096 308 1163 exsultas,
320 1097 487 1168 nimiumque
499 1097 592 1170 gestis:

119 1171 203 1225 otium
215 1179 240 1226 et
252 1188 327 1244 reges
339 1172 414 1244 prius
424 1179 449 1226 et
460 1171 547 1225 beatas

230 1245 344 1316 perdidit
356 1246 445 1300 urbes.

110 1350 246 1394 Lu.nn
277 1345 463 1395 SEIPSUM
493 1349 540 1392 DE
571 1349 722 1392 sskuma
752 1351 799 1394 ΕΤ

370 1419 537 1466 vAT1N1u

157 1485 234 1562 Quid
246 1506 293 1564 est,
309 1497 418 1563 Catulle,
434 1496 506 1570 quud
515 1496 626 1551 moraris
639 1497 739 1552 emori?

119 1570 186 1626 Sella
200 1572 228 1626 in
241 1572 327 1627 curuli
340 1573 446 1627 Struma
458 1571 561 1627 Nonius
573 1570 657 1626 sedet:

119 1662 165 1715 per
177 1646 342 1702 nonsulatum
354 1647 451 1718 peierat
462 1646 598 1703 Vatinius:

119 1718 245 1789 quidest,
260 1720 369 1785 Catulle,
385 1720 458 1793 quod
470 1720 579 1775 moraris
593 1718 693 1774 emori?

166 1834 243 1878 LHL
272 1835 319 1879 DE
349 1834 501 1884 QUODAM
530 1835 577 1878 ET
608 1835 733 1879 GALVQ

156 1899 217 1963 Risi
231 1910 318 1966 neseio
330 1927 411 1981 quem
423 1909 502 1964 modo
514 1909 541 1964 in
555 1925 658 1975 corona,

118 1983 175 2053 qui,
190 2001 276 2055 quum
289 1984 401 2039 miritioa
413 1984 551 2040 Vatiniana

118 2074 193 2112 meus
206 2059 318 2114 erimina
331 2057 429 2114 Calvus
441 2058 604 2130 explicasset,

118 2131 251 2189 admirans
264 2133 301 2188 ait
312 2134 385 2197 haee,
401 2149 550 2204 manusque
561 2131 669 2187 tollens:

118 2205 154 2258 dii
168 2208 267 2279 magni,
283 2207 443 2280 salaputium
455 2207 596 2262 disertum!

362 2335 432 2380 L1m
461 2343 546 2362 '¹¹

155 2416 274 2482 Othonis
286 2435 365 2498 eaput
377 2426 474 2498 oppidu
485 2424 624 2496 pusillum,

118 2499 193 2565 Vettl,
209 2501 313 2567 iustine,
329 2499 465 2556 semilauta
478 2517 563 2562 crura,

117 2574 213 2630 subtile
226 2585 251 2631 et
264 2576 322 2632 leve
331 2575 450 2647 peditum
463 2573 580 2638 Libonis,
