2030 3036
256 156 466 212 CARMINUM
485 158 611 214 LIBER.
774 161 807 216 23

97 263 225 335 quamvis
238 263 350 320 eandida
362 265 459 320 millies
470 265 559 338 puella

98 344 205 392 euntem
218 345 328 404 remeet,
343 357 493 413 munusque
505 340 571 396 eollo

98 411 191 466 ambas
203 413 326 469 iniioiens
338 422 410 488 roget
421 415 532 470 morari:

15 489 19 500 ’
98 503 261 558 quesitum,
277 488 300 542 si
313 488 381 542 mihi
393 505 456 544 vero
467 490 632 558 nuntiantur,

98 559 177 616 iilum
190 561 290 634 deperit
302 562 442 634 impotente
454 580 551 620 umore.

99 636 178 702 Nem,
194 652 249 708 quo
260 643 377 708 tempore
389 637 452 711 legit
464 637 611 695 inchoatum

98 709 226 784 Dindymi
238 711 382 777 dominam,
396 729 430 767 ex
442 729 472 767 eo
484 713 601 771 miseilus

98 784 175 856 ignes
188 785 337 841 interiorem
349 786 433 841 edunt
444 787 598 844 medullam.

99 859 209 930 Ignosoo
221 859 279 925 tibi,
294 859 423 932 Sapphico
434 860 523 933 puelia

99 939 178 988 musa
191 932 302 1002 doctior3
317 943 357 989 est
368 935 441 990 enim
453 945 563 992 venuste

98 1008 196 1080 Magne
209 1007 323 1064 Caecilio
334 1009 455 1065 inchoata
468 1012 558 1067 Meter.

146 1135 281 1181 XXXVI.
306 1137 345 1180 IN
365 1137 536 1184 ANNALES
562 1141 720 1186 VOLUSH.

137 1218 260 1283 Annales
272 1227 374 1294 Volusi,
389 1237 476 1285 oaouts
488 1230 587 1297 charta,

99 1308 191 1355 votum
203 1300 296 1357 solvite
308 1320 355 1374 pro
367 1321 425 1358 mes
438 1303 539 1374 puelia:

99 1392 162 1430 nem
175 1384 277 1432 sanotae
290 1377 384 1433 Veneri
400 1376 580 1450 Cupidinique

98 1450 185 1514 vovit,
200 1451 224 1504 si
236 1450 288 1505 sibi
300 1453 437 1507 restitutus
449 1469 543 1518 essem,

98 1523 280 1598 desissemque
292 1534 379 1581 truoes
391 1526 495 1583 vibrare
508 1529 618 1595 iambos,

97 1597 253 1654 electissima
265 1600 373 1671 pessimi
385 1610 475 1672 poetae

98 1674 193 1746 scripte
206 1674 333 1746 tardipedi
346 1675 395 1730 deo
406 1675 527 1731 daturam

97 1746 249 1803 infelicibus
261 1749 402 1805 ustulando
416 1750 434 1804 li
455 1750 507 1805 nis.

97 1823 130 1876 Et
141 1822 206 1878 haeo
217 1823 332 1895 pessime
345 1842 373 1879 se
385 1767 472 1896 pueXla
487 1825 552 1880 vidit

98 1898 182 1952 iooose
193 1905 219 1952 et
231 1897 316 1970 lepide
329 1917 423 1955 vovere
435 1899 516 1956 divis.

98 1973 184 2038 Nune,
199 1989 215 2028 o
227 1971 345 2028 caeruleo
357 1981 440 2030 creata
486 1983 538 2039 nto,

97 2063 165 2118 quse
177 2054 299 2102 sanetum
311 2046 435 2115 Idalium,
469 2065 584 2123 yrosque
596 2057 706 2120 apertos.

97 2138 219 2193 quaeque
231 2121 347 2187 Ancona,
362 2122 533 2196 Cnidumque
544 2123 732 2179 arundinosem

96 2194 169 2261 eolis,
185 2212 308 2268 quaeque
319 2197 488 2261 Amathunta,
503 2214 625 2270 quaeque
637 2197 742 2272 Golgos,

97 2286 219 2342 quaeque
230 2270 425 2326 Durrheohium
437 2271 533 2327 Adriue
544 2273 693 2328 tabernam:
835 2284 860 2326 ¹5

96 2351 230 2416 acceptum
244 2343 299 2399 iace
311 2345 497 2416 redditumque
511 2352 609 2411 votum,

97 2420 119 2474 si
132 2435 186 2474 non
200 2418 339 2491 illepidum
352 2437 439 2494 neque
452 2419 625 2476 invenustum
638 2427 686 2475 est.

96 2493 128 2549 At
140 2512 188 2549 vos
201 2494 299 2548 interea
311 2494 397 2551 venite
410 2495 438 2549 in
451 2495 549 2568 ignem,

96 2568 166 2640 pleni
179 2569 250 2623 ruris
263 2576 288 2622 et
305 2569 478 2624 inficetianim

96 2642 211 2698 Annales
223 2642 325 2707 Volusi,
340 2649 426 2697 onusto
437 2643 536 2697 ohsrte.
