2040 3030
185 139 234 192 2⁴2
451 135 662 192 PROPERTll

184 243 284 298 Parcite
293 243 355 306 iem,
368 241 473 297 iratres:
495 243 548 298 iem
558 251 640 298 certos
650 244 761 316 spondet
770 263 885 312 amores,

129 329 155 370 no
222 316 354 372 etiamad
364 316 516 372 mandatam
526 318 867 380 venimnseocedornum.n

185 393 271 463 Atque
280 392 315 446 ite
325 395 364 445 ml
374 391 468 446 iniecto
478 392 704 448 dixeruntrursus
713 395 821 460 amictu,

222 467 341 532 llnunc
351 473 377 520 et
387 473 474 520 noctes
483 465 554 520 disee
564 484 669 522 manere
678 467 781 522 domi«

184 542 261 596 Mane
269 548 332 605 eret,
344 549 369 594 et
382 539 464 606 volui,
476 541 500 599 si
508 541 564 595 sole
574 542 719 614 quiesceret
728 543 782 608 ille,

224 616 320 670 visere:
341 623 368 670 et
377 615 404 669 in
416 613 480 670 lecto
490 615 604 688 Cynthio
613 615 668 672 sola
679 615 739 672 luit.

130 701 155 742 25
186 689 333 762 Obstupui:
355 706 408 744 uon
419 688 465 744 ille
475 690 542 744 mihi
551 689 689 746 formosior
702 709 821 764 unquam

222 765 289 829 vise,
302 781 396 835 neque,
407 764 505 820 ostrina
515 782 601 838 quum
610 765 661 820 luit
671 767 699 821 in
709 768 806 832 tunice,

184 839 240 893 ibet
248 847 274 892 et
283 839 346 894 hinc
354 846 439 892 castae
448 847 584 894 narratum
593 841 806 906 somnieVestee,

222 930 275 968 neu
284 913 347 977 sibi,
360 929 426 967 neve
436 913 504 968 mihi
514 931 583 985 quae
595 915 712 972 nocituro
723 915 818 972 forent:

185 987 245 1042 telis
257 988 313 1043 visa
322 986 390 1042 mihi
399 1003 494 1042 somno
503 987 614 1043 dimissa
622 991 729 1044 recenti.

131 1073 156 1116 to
225 1063 422 1133 ileuquantum
430 1062 819 1132 persecandidalormeveletl

185 1135 263 1203 »Quo
272 1143 301 1190 tu
312 1137 489 1202 matutinus«
499 1137 544 1202 eit,
557 1137 721 1210 »speculator
731 1139 847 1194 emicee‘l

222 1211 264 1267 Me
273 1211 390 1266 similem
399 1211 494 1266 vestris
504 1213 795 1286 moribusesseputes?

185 1287 243 1341 Non
254 1302 302 1359 ego
312 1285 474 1354 temlaoilis3
496 1295 537 1342 sut
545 1288 595 1343 erit
604 1287 672 1342 mihi
682 1289 803 1362 cognitus
813 1305 894 1353 unus,

223 1359 264 1416 vel
274 1368 314 1426 tn,
326 1359 368 1416 vel
379 1361 402 1416 si
412 1361 475 1434 quis
485 1363 571 1416 verior
580 1379 637 1417 esse
646 1370 738 1434 potest.

130 1445 156 1494 35
188 1433 743 1510 Apparentnonullatorovestigiepresso,

222 1511 300 1584 signe
308 1510 459 1581 voluptatis,
472 1527 521 1564 nec
530 1510 641 1566 iacuisse
652 1511 730 1568 duos.

185 1584 307 1656 Adspice,
319 1585 386 1639 utin
396 1592 448 1640 toto
458 1584 550 1640 nullus
561 1586 628 1640 mihi
637 1603 744 1657 corpore
753 1594 845 1659 surgat

222 1659 342 1730 spiritus,
354 1659 471 1714 admisso
482 1667 560 1716 notus
569 1659 727 1716 adulterine

184 1733 265 1800 Dixit,
278 1741 303 1788 et
311 1734 430 1806 oppositu
440 1733 588 1806 propellens
597 1735 669 1790 savia
682 1734 782 1799 dextra,

130 1815 157 1861 to
225 1808 327 1881 prosilit
337 1809 365 1863 in
375 1809 435 1863 lexa
445 1810 508 1864 nixa
518 1809 611 1880 pedem
621 1809 700 1862 solea.

185 1882 229 1938 Sic
237 1899 286 1956 ego
296 1891 349 1937 tarn
358 1883 440 1936 senen
450 1891 538 1936 custos
547 1881 672 1936 excludor
680 1881 787 1934 amoris.

221 1959 263 2011 Ex
274 1957 318 2010 illo
328 1954 392 2009 felix
402 1972 454 2008 nox
465 1955 531 2007 mihi
542 1952 615 2007 nulle
623 1951 683 2006 fuit.

352 2080 514 2122 ELEGlA
542 2079 654 2122 XXIII.

186 2167 311 2240 Quaeris,
323 2188 372 2225 cur
382 2170 486 2226 veniam
497 2172 545 2228 tibi
555 2169 670 2228 terdior‘l
688 2170 775 2227 Aurea
784 2172 883 2230 Phoebi

221 2246 337 2318 porticus
347 2264 362 2301 n
372 2261 469 2318 magno
478 2246 588 2304 Caesus
596 2255 684 2318 aperta
694 2245 754 2302 luit.

185 2325 247 2378 Tote
257 2329 312 2376 erat
322 2321 350 2378 in
360 2322 475 2392 speeiem
485 2324 579 2381 Poenis
588 2322 688 2396 digesto
699 2321 844 2378 columnis:

222 2398 366 2470 intorques
376 2397 457 2452 Donni
467 2396 650 2455 semineturbe
662 2397 744 2452 senis.

131 2486 142 2528 5
187 2474 234 2529 Hic
242 2472 368 2546 equidem
379 2472 482 2528 Phoebo
493 2473 568 2528 visus
577 2472 644 2527 mihi
656 2470 791 2544 pulchrior
802 2473 859 2542 ipso

223 2565 386 2604 marmoreus
396 2547 472 2603 tacite
482 2565 587 2603 carmen
596 2547 670 2602 hiere
682 2547 750 2621 lyra.

185 2625 273 2699 Atque
282 2641 356 2680 arum
365 2623 464 2678 circum
475 2629 598 2680 steterant
606 2629 723 2678 armento
733 2621 851 2695 Myronis
