2030 3040
205 189 252 241 ⁴78
471 186 683 242 PROPERTH

148 306 173 348 ro
240 295 402 366 impositum,
416 301 445 348 ut
455 293 519 349 eoeli
529 293 618 350 Pelion
628 303 695 349 asset
705 295 765 351 iter:

204 386 256 424 non
267 376 365 425 veteres
375 368 487 433 Thebes,
500 385 548 424 neo
557 369 691 441 Pergama,
705 388 800 427 nornen
811 375 926 441 Homerr'3

240 443 337 498 Xerxis
347 450 371 497 et
381 443 491 514 imperio
499 443 562 498 bina
572 445 655 498 ooisse
665 443 745 500 vada:

203 534 317 591 regnave
331 518 416 588 prima
429 517 514 584 Remi,
527 524 572 572 aut
584 518 687 573 animos
697 517 863 594 Carthagrnis
872 525 951 591 attae,

240 592 463 663 Cimbrorumque
471 592 567 657 minas,
579 601 604 646 et
615 591 748 648 benefacta
758 595 838 651 Mart:

148 677 173 721 25
201 665 332 738 bellaque,
344 682 439 738 resque
448 666 488 720 tui
497 683 669 721 memorarem
679 667 806 735 Caesaris,
821 678 884 725 ettu

240 741 349 798 Caesare
359 741 411 795 sub
421 757 518 813 magno
527 757 589 795 oure
599 741 715 796 emunda
724 741 801 798 fores.

202 817 270 872 Nam
280 816 383 888 quoties
393 814 522 871 Mutinam
532 823 585 880 aut,
603 814 692 870 civilia
701 816 787 882 busta,
802 818 948 891 Philippos,

240 897 286 945 aut
294 906 414 944 canerem
424 888 527 944 Siculae
537 888 644 944 olessioa
654 889 722 945 bella
733 890 820 964 fugae:

202 981 359 1036 eversosque
368 962 438 1018 fooos
448 964 572 1034 antiquae
581 965 668 1037 gentis
677 965 810 1030 Etruscae,

149 1049 173 1093 to
240 1047 265 1093 et
274 1037 427 1092 Ptolemaeei
439 1036 512 1092 litora
523 1045 597 1109 oapta
606 1039 698 1094 Phari:

204 1122 248 1171 aut
262 1129 381 1166 canerem
397 1112 547 1186 Aegyptum
561 1120 586 1168 et
600 1111 701 1178 Nilum,
717 1131 803 1186 quum
813 1123 909 1171 tractus
921 1118 949 1170 in

696 1189 790 1244 urbem

239 1270 338 1335 septem
348 1262 460 1332 cepti-vis
467 1261 564 1317 debilis
574 1262 629 1317 rhet
640 1262 731 1334 aquis:

202 1347 247 1392 aut
256 1355 350 1410 regum
360 1337 458 1392 auratis
468 1337 628 1392 circumdata
638 1335 705 1393 oolla
717 1338 824 1402 eatenis,

239 1413 365 1486 Actiaque
375 1413 402 1466 in
415 1411 492 1467 Sacra
501 1429 605 1466 currere
614 1418 695 1466 rostra
709 1412 764 1466 via:

147 1499 172 1540 ee
202 1496 293 1542 temea
303 1487 379 1542 Musa
389 1485 442 1540 illis
452 1503 557 1557 semper
565 1493 711 1540 oontexeret
720 1487 809 1550 armis,

238 1569 263 1616 et
271 1568 359 1616 sumto
369 1569 394 1615 et
403 1558 487 1631 posita
497 1577 560 1631 pace
570 1558 646 1613 fidele
655 1569 743 1629 ceput.

201 1636 317 1690 Theseus
331 1633 449 1700 infernis,
462 1634 564 1705 superis
574 1639 682 1688 testatur
691 1632 816 1698 Achilles,

238 1711 281 1774 hio
290 1708 437 1774 Ixioniden,
450 1706 494 1763 ille
504 1707 691 1764 Menoetiaden.

200 1783 252 1838 Sed
266 1801 352 1855 neque
366 1783 521 1856 Phlegraeos
535 1782 614 1845 Iovis,
625 1780 804 1852 Enoeladique
816 1779 951 1835 tumultus

88 1908 90 1912 .
145 1869 171 1913 to
238 1860 337 1911 intonet
345 1865 457 1929 angusto
468 1863 570 1926 pectore
580 1853 772 1908 Callimachus:

200 1948 248 1985 noo
258 1946 315 1983 mea
325 1928 486 1982 conveniunt
495 1927 562 1979 duro
571 1924 721 1995 praecordia
730 1941 809 1978 versu

236 2001 354 2058 Caesaris
366 2001 392 2052 in
402 1999 532 2070 Phrygios
541 1997 651 2051 oondere
662 2014 756 2051 nomen
766 2013 839 2066 ayos.

199 2077 292 2132 Navita
302 2072 335 2128 de
345 2071 439 2136 ventis,
453 2071 486 2125 de
497 2071 579 2124 tauris
590 2078 678 2125 narrat
688 2081 781 2136 arator,

236 2154 370 2204 enumeret
380 2145 456 2202 miles
467 2143 586 2210 vulnera,
598 2152 685 2216 pastor
697 2162 769 2201 oves.

144 2236 170 2280 45
198 2227 252 2280 Noe
261 2230 359 2288 eontra,
371 2229 483 2296 angusto
494 2228 625 2276 versantes
634 2220 732 2292 proelia
742 2220 815 2285 lecto.

236 2319 289 2373 qua
301 2308 361 2372 stote
370 2297 493 2371 quisque¹
507 2298 535 2352 in
544 2313 574 2351 ee
584 2303 697 2351 oonterat
706 2303 761 2352 arta
770 2295 850 2352 diem.

198 2378 268 2433 Laus
283 2376 310 2430 in
320 2391 408 2429 amore
417 2373 498 2428 mori:
520 2371 578 2427 laus
588 2370 676 2436 altera,
688 2373 712 2426 si
723 2370 801 2429 datur
810 2387 864 2426 uno

236 2448 385 2524 posseirui.
416 2444 608 2503 Fruarosolus
618 2462 706 2502 amore
718 2447 791 2502 meol

199 2529 241 2582 his
253 2525 344 2582 saltem
355 2532 384 2580 ut
393 2531 480 2579 tenear
490 2524 543 2576 iam
554 2521 666 2576 finibus:
688 2529 734 2576 aut
742 2521 810 2575 mihi
820 2520 844 2574 ei
854 2519 917 2591 quis

145 2615 169 2658 eo
236 2601 335 2658 venerit
345 2598 501 2662 alteramur,
513 2597 600 2652 aerius
610 2604 640 2651 ut
652 2597 759 2651 moriar.

198 2678 250 2744 Sic,
263 2675 381 2739 memini,
394 2673 457 2729 solet
468 2671 513 2728 ilia
523 2670 593 2728 leves
603 2671 708 2743 culpare
718 2667 828 2742 puellas,
