2028 3034
284 143 492 214 ulnurnuu
511 146 636 200 irase.
794 149 827 199 00

132 260 250 324 coeperat
262 252 296 307 ad
308 269 365 307 sese
377 253 454 310 Tmia
466 253 533 308 oiere
546 254 630 322 viros3

96 329 171 383 Troia
187 325 293 400 (natael)
305 343 446 382 oommuue
457 327 609 399 sepulerum
618 327 696 382 Asiae
704 328 836 397 Europae-

607 419 650 466 ue,

133 476 209 533 Troia
226 475 315 530 virum
332 483 357 529 et
378 477 506 530 virtutum
520 419 641 530 0000000000]
655 476 746 531 aoerba
763 476 844 530 oinis:
869 485 895 528 00

95 567 198 624 quaene
210 549 289 604 etiam
301 555 390 603 nostro
402 548 485 604 letum
497 548 647 604 miserabile
658 548 731 605 fratri

132 622 231 681 attulitl
246 623 294 677 Hei
306 624 402 678 misero
414 621 492 678 irater
504 623 624 695 adempta
635 624 716 678 mihil

95 700 138 754 hei
152 699 248 753 misero
261 695 333 752 fratri
346 697 494 752 iucundum
507 697 598 753 lumen
611 699 777 771 ademptum!

132 782 220 828 teeum
232 790 286 828 uua
298 779 350 827 tota
362 779 401 826 est
413 780 499 828 nostra
513 772 614 844 sepulta
627 773 732 829 domus.

96 847 193 902 Omnia
203 854 290 902 teeum
304 864 356 901 une
367 847 503 918 perierunt
514 845 611 920 gaudia
624 856 720 914 nostra,
870 859 895 901 05

133 939 202 994 quae
211 929 274 976 tuus
287 921 314 975 in
328 921 382 976 vita
394 919 480 976 duleis
492 921 577 977 alebat
589 940 672 978 amor.

96 996 182 1063 Quem
195 1013 267 1050 nuno
279 1003 333 1050 tam
345 995 424 1068 longe
436 1013 488 1051 non
498 997 566 1051 inter
578 1004 637 1052 uota
648 996 768 1068 sepulcra

47 1109 50 1116 .
134 1088 182 1125 nec
194 1087 274 1141 prope
287 1078 409 1143 oognatos
422 1072 597 1142 oompositum
610 1072 719 1137 eineres,

97 1145 142 1199 sed
156 1145 232 1199 Troia
242 1144 363 1206 ohsoent.
379 1145 454 1200 Troia
468 1144 571 1200 infelioe
579 1145 713 1217 sepultum

134 1219 231 1273 detinet
243 1226 359 1273 extremo
370 1226 437 1274 terra
450 1219 534 1276 aliena
547 1219 611 1276 solo.
857 1230 896 1271 000

98 1293 243 1366 adquam
268 1300 325 1348 tum
348 1310 489 1364 properans
517 1294 598 1350 fertur
620 1294 700 1348 simul
723 1293 843 1364 undique

588 1369 673 1440 pubes

136 1441 234 1497 Graeca
246 1441 391 1512 penetrales
403 1441 550 1497 deseruisse
563 1441 640 1506 looos‚

99 1533 133 1570 ne
145 1516 217 1571 Paris
230 1515 342 1571 abducta
353 1517 463 1589 gavisus
475 1516 557 1571 libera
570 1517 677 1572 moeeha

136 1592 187 1645 otia
200 1599 291 1662 pacato
302 1590 408 1664 degeret
420 1591 446 1646 in
461 1591 586 1646 thelame.

98 1667 158 1731 Quo
167 1665 216 1719 tibi
229 1675 287 1720 tum
300 1681 372 1730 oesu,
387 1665 565 1736 puloherrima
578 1665 727 1729 Laodamia,
859 1676 897 1717 105

136 1747 255 1810 ereptum
267 1747 315 1804 est,
330 1739 384 1794 vita
397 1738 503 1795 dulcius
515 1747 593 1812 atque
606 1741 703 1804 anima,

99 1815 268 1886 ooniugium:
283 1821 355 1868 tanto
368 1822 392 1868 te
404 1814 547 1870 absorbens
561 1815 657 1870 vortice
669 1815 766 1869 amoris

137 1895 224 1944 aestus
237 1889 265 1943 in
278 1889 420 1960 abruptum
434 1888 561 1944 detulerat
572 1889 739 1955 barathrum;

99 1963 179 2036 quale
191 1961 278 2018 lerunt
290 1963 363 2018 Graii
375 1963 510 2018 Pheneum
523 1980 603 2035 prope
616 1964 770 2038 Cylleneum

136 2038 234 2092 elocare
245 2037 347 2092 emulsa
359 2038 460 2110 pingue
472 2038 569 2109 palude
581 2038 681 2106 solum3
859 2048 897 2090 000

99 2113 173 2186 quod
185 2111 320 2185 quondam
333 2112 415 2166 eaesis
427 2114 525 2167 montis
536 2112 632 2167 fodisse
645 2112 769 2168 medullis

137 2186 211 2241 audit
223 2185 377 2258 falsiparens
390 2185 649 2260 Amphitryoniades,

102 2271 215 2332 tempore
227 2278 283 2332 quo
294 2267 362 2316 oerte
373 2259 539 2389 Stpmphalia
553 2268 668 2316 monstra
681 2261 774 2334 sagitta

138 2336 257 2406 perculit,
272 2336 383 2407 imperio
413 2336 528 2390 eterioris
541 2336 606 2398 heri,

103 2409 224 2480 pluribus
235 2418 267 2464 ut
279 2409 343 2464 oooli
356 2417 480 2464 tereretur
493 2410 573 2465 ianua
585 2409 665 2474 divis,
861 2418 900 2460 000

139 2485 209 2539 Hebe
221 2501 270 2540 neo
282 2484 361 2557 longa
371 2483 521 2556 virginitate
533 2483 607 2539 foret.

103 2557 154 2612 Sed
165 2566 228 2614 tuus
241 2559 311 2614 altus
324 2575 398 2613 amor
410 2559 533 2614 barathro
545 2557 596 2614 suit
607 2557 682 2612 altior
695 2557 748 2620 illo,

140 2634 187 2705 qui
200 2632 300 2690 durum
313 2633 439 2689 domitam
452 2632 519 2688 ieras
532 2634 627 2706 iugum
640 2632 737 2688 doeuit.
