2028 3034
224 193 256 244 82
508 189 678 248 CATULLI

427 351 495 393 cvl.
523 352 569 394 ΔΙ)
595 349 765 394 Lusulam.

225 435 258 494 Si
281 439 429 512 quidquam
453 441 603 513 cupidoque
620 443 773 513 optantique
796 441 891 516 obtigit
908 459 965 496 uru-

717 533 800 588 quam
809 524 835 570 et

262 589 414 660 insperanti,
426 589 476 644 hoc
486 597 524 644 est
532 597 638 662 gratum
649 591 738 646 animo
748 591 862 662 proprie.

224 664 310 730 Quare
320 663 369 716 hoo
379 670 417 716 est
426 670 541 736 gratum,
554 663 630 718 nobis
644 681 751 736 quoque
760 665 847 720 carius
861 682 933 728 auro,

261 736 334 809 quod
344 745 367 790 te
377 737 500 801 restituis,
513 737 616 802 Lesbia,
628 743 666 792 mi
675 737 782 809 cupido.

224 811 348 866 destituis
358 809 462 880 cupido,
474 818 552 882 atque
562 812 705 882 insperanti
716 813 773 884 ipsa
782 810 861 867 refers
870 819 895 864 te

261 884 351 939 nobis:
362 901 378 937 o
388 883 474 938 lucem
484 884 633 940 candidiore
642 887 715 941 nota!

224 959 290 1024 Quis
300 976 342 1012 me
354 974 408 1012 uuo
418 959 485 1014 vivit
494 957 610 1014 felicior?
628 969 674 1016 aut
682 960 768 1034 magis
776 960 827 1016 hac
835 977 876 1014 res

260 1031 386 1102 optandas
396 1032 449 1088 vita
459 1031 543 1090 dicere
552 1034 614 1106 quis
623 1033 734 1108 poterit?

414 1177 497 1220 cvn.
521 1177 561 1221 IN
585 1174 780 1224 cumulum.

225 1259 257 1320 Si
269 1267 373 1322 Comini
384 1268 491 1323 arbitrio
500 1269 621 1341 populari
630 1287 693 1324 cana
703 1277 821 1324 senectus

261 1352 381 1412 spurcata
392 1343 506 1415 impuris
515 1345 635 1398 moribus
645 1343 761 1407 intereat,

225 1434 275 1470 nou
291 1417 416 1489 equidem
429 1417 535 1482 dubito,
556 1418 624 1490 quin
638 1418 756 1489 primum
770 1417 878 1474 inimica
888 1416 968 1470 bono

261 1564 353 1638 lingua
363 1573 463 1622 exsecta
474 1564 553 1620 avido
563 1565 598 1620 sit
607 1563 666 1620 data
676 1507 801 1620 voliffio:

170 1649 180 1689 e
225 1639 331 1694 effossos
340 1639 428 1695 oeulos
443 1646 515 1693 voret
524 1646 579 1694 atro
588 1638 692 1712 gurgite
701 1655 805 1701 corvus,

169 2239 180 2278 5

261 1716 383 1768 intestina
393 1729 479 1774 canes,
492 1721 574 1768 cetera
585 1713 702 1768 membra
712 1711 780 1784 lupi.

413 1839 514 1882 cv111.
539 1840 585 1881 An
610 1838 779 1882 nasutum.

223 1924 384 1993 Iucundum,
397 1946 453 1982 mea
464 1930 527 1992 vita,
540 1928 606 1988 mihi
615 1928 740 1998 proponis
749 1944 864 1982 amorem

261 2006 333 2059 hunc
342 2011 461 2058 nostrum
471 2002 538 2057 inter
548 2019 596 2056 nos
605 2008 815 2072 perpetuumque
824 2000 888 2056 fore.

224 2079 264 2132 Dii
276 2077 374 2149 magni,
386 2075 470 2140 tacite,
482 2083 512 2129 ut
522 2092 581 2130 vere
590 2075 740 2146 promittere
748 2075 840 2144 possit,

260 2162 338 2222 atque
348 2149 375 2203 id
384 2149 484 2203 sineere
493 2148 569 2214 dieat,
584 2156 650 2204 etex
660 2149 758 2214 auimo,

225 2234 254 2279 ut
263 2224 338 2278 liceat
346 2223 422 2278 nobis
431 2231 483 2278 tota
492 2222 634 2294 producere
644 2223 697 2278 vita

261 2308 395 2354 aeteruum
404 2298 455 2354 hoc
463 2306 566 2354 mactae
576 2297 667 2354 icedus
677 2298 817 2354 amicitiae.

399 2425 471 2470 clx.
495 2425 542 2470 Au
567 2425 795 2470 AUFILENAM.

225 2509 362 2582 Aufilena,
374 2517 457 2573 bonae
466 2533 569 2589 semper
579 2516 720 2572 laudantur
729 2516 836 2571 amicae:

262 2593 393 2664 accipiunt
402 2593 525 2665 pretium,
537 2609 605 2664 quae
614 2590 698 2650 iacere
712 2591 861 2646 instituunt.

225 2669 273 2732 Tu,
287 2667 358 2741 quod
368 2667 487 2740 promisti
498 2667 564 2722 mihi
575 2665 647 2739 quod
657 2667 772 2728 mentita,
785 2665 891 2718 inimica
903 2683 945 2718 es:
