2030 3036
269 131 420 189 CARMIN
452 133 621 191 MLIBER.

200 239 261 296 alba
272 15 534 413 perthefi

240 313 359 370 luteumv
385 333 507 388 papaver.

200 421 244 487 At,
258 424 351 476 marite
363 423 407 495 (ito
419 440 462 478 me
474 424 565 479 iuvent

201 495 313 570 coelites)
327 497 501 576 nihilominus

202 569 312 642 pulcher
323 588 360 636 ee,
376 589 463 643 neque
475 580 500 626 te
511 573 601 627 Venus

203 643 323 717 negligit.
362 645 414 701 Sed
428 646 482 701 ubit
493 646 564 702 dies:

240 735 327 793 perge,
341 737 375 774 ue
387 737 525 776 remorare.

201 828 260 882 Non
272 827 320 882 diu
334 835 478 883 remoratus
490 846 527 884 ee.

199 901 255 955 Iam
269 901 352 956 venis.
392 903 462 958 Bone
475 911 499 957 te
511 905 599 959 Venus

201 975 309 1031 iuverit:
331 977 565 1050 quemamodum,

201 1050 272 1121 quod
284 1051 369 1122 cupis,
384 1053 464 1122 copis,
479 1060 504 1106 et
515 1053 615 1108 bonum

239 1141 292 1178 non
306 1123 444 1180 abscondis
457 1143 581 1182 amorem.

200 1247 247 1304 Ille
258 1248 377 1320 pulveris
388 1249 470 1303 Africi

201 1323 372 1396 siderumque
384 1324 540 1378 micantium

201 1397 331 1452 subducat
343 1415 486 1453 numerum
498 1399 581 1469 prius,

201 1472 249 1544 qui
261 1473 340 1526 vestri
354 1490 492 1527 numerare
504 1473 559 1529 volt

240 1545 323 1601 multu
336 1546 420 1602 millia
433 1546 500 1602 ludi.

201 1653 304 1719 Ludite,
318 1662 349 1709 ut
361 1655 441 1719 lubet,
457 1662 482 1709 et
493 1656 565 1711 brevi

201 1727 297 1783 liberos
309 1728 377 1783 dcte.
416 1729 560 1784 Nondecet

201 1811 255 1857 tam
267 1809 344 1858 vetus
356 1804 414 1858 sine
426 1802 515 1858 liberis

201 1894 297 1934 nomen
310 1893 380 1942 esee,
400 1877 448 1932 scd
459 1876 576 1933 indidem

240 1969 343 2023 semper
356 1952 512 2026 ingenerari.

202 2059 358 2131 Torquatus,
374 2059 442 2126 volo,
456 2061 584 2132 parvulus

201 2134 293 2188 matris
304 2152 320 2189 e
331 2135 432 2208 gremio
443 2153 507 2190 suae

201 2209 338 2282 porrigens
350 2217 450 2264 teneres
462 2227 568 2274 manue,

201 2281 279 2337 dulce
290 2283 372 2339 rideat
385 2284 418 2338 ad
430 2291 530 2355 patrem

243 2358 399 2414 semihiante
411 2357 514 2413 labello.

203 2465 243 2520 Sit
254 2481 303 2520 suo
315 2465 411 2519 similis
423 2467 491 2537 putri

203 2538 311 2604 Manlio,
327 2547 352 2594 et
364 2539 438 2594 facile
451 2539 542 2594 insciis

203 2614 344 2670 noscitetur
358 2614 391 2668 ab
403 2615 536 2672 omuibus.
