2030 3036
245 162 457 220 CARMINUM
478 167 604 222 LIBER.

88 293 136 330 non
150 271 281 337 incendia,
296 290 349 327 non
358 290 452 346 graves
465 271 565 340 minas,

87 367 136 405 non
149 347 215 403 iacta
228 347 319 418 impia,
334 364 386 402 nou
400 347 473 403 dolos
486 350 594 414 veneni,

87 442 137 479 non
149 439 227 477 casus
239 420 305 476 alios
317 419 504 492 periculorum.

85 497 164 569 Atqui
177 512 284 566 oorpora
296 494 403 550 sicciora
416 513 507 562 cornu,

86 579 129 628 aut
140 571 163 625 si
176 569 245 642 quid
257 569 342 644 magis
356 569 461 624 aridum
473 577 521 636 est,
536 570 647 636 hahetis,

86 645 146 710 sola,
161 652 186 698 et
198 643 303 716 frigore,
318 651 344 698 et
355 645 506 700 esuritione.

87 719 171 786 Quare
182 736 236 773 non
251 718 298 772 tibi
311 719 344 772 sit
357 718 424 774 bene
436 737 466 774 ao
478 719 569 774 beate?

85 794 107 848 Α
119 803 143 848 ta
154 792 236 848 sudor
248 792 329 857 abest,
344 793 417 848 abest
428 793 521 858 saliva,

86 885 240 939 mucusque,
255 874 280 921 et
292 865 361 922 mala
373 868 467 939 pituita
480 871 547 923 nasi.

86 943 156 998 Hauc
168 941 202 996 ad
215 941 374 996 munditiem
385 942 451 996 adde
463 943 639 1008 mundiorem,

84 1016 154 1088 quod
166 1015 244 1070 culus
257 1016 306 1070 tibi
318 1017 410 1088 purior
421 1015 507 1072 salillo
519 1025 566 1084 ast,

84 1107 130 1145 nac
141 1098 194 1146 toto
207 1089 292 1145 decies
305 1107 378 1145 cacas
391 1091 419 1146 in
432 1109 514 1160 anu03

83 1173 160 1236 atque
173 1164 201 1219 id
214 1164 308 1220 durius
321 1173 361 1220 eat
374 1163 432 1220 faba
445 1174 470 1220 et
483 1164 595 1236 lapillis:

82 1239 153 1312 quod
165 1246 195 1294 tu
209 1240 231 1292 si
245 1239 369 1294 manibus
383 1248 449 1294 teras
462 1239 599 1311 uicesque,

82 1331 134 1368 non
146 1331 268 1386 unquam
281 1313 395 1386 digitum
409 1313 548 1386 inquinare
561 1314 656 1384 possis.

81 1389 149 1442 Haeo
160 1395 190 1443 tu
204 1387 340 1442 commoda
353 1396 406 1443 tam
419 1388 506 1451 beata,
518 1387 592 1451 Furi,

80 1462 134 1516 noli
146 1479 278 1534 spernere,
294 1479 342 1516 nec
353 1469 445 1534 putare
456 1462 546 1534 parvi:

79 1544 103 1590 et
114 1536 240 1601 sestertia,
256 1555 325 1609 quae
336 1536 412 1601 soles,
424 1537 523 1609 precari

78 1619 184 1666 eentum
197 1611 300 1679 desme;
315 1629 378 1666 nam
391 1619 431 1666 sat
442 1629 469 1666 cs
482 1611 582 1665 beatus.

109 1737 216 1781 XXIV.
240 1739 287 1782 AD
312 1737 529 1782 IUVENTIUM
553 1736 713 1781 Puuaum.

115 1820 146 1885 Ο
160 1830 206 1902 qui
220 1829 344 1884 flosculus
357 1847 384 1884 es
400 1829 588 1892 quentiorum,

76 1922 130 1960 nou
143 1904 239 1959 horum
253 1905 340 1968 modo,
355 1904 402 1958 sed
415 1911 479 1976 quot
491 1911 537 1958 aut
548 1903 663 1968 aierunt,

75 1986 121 2032 aut
133 1979 243 2050 posthac
255 1978 314 2033 aliis
327 1987 405 2034 eruut
417 1979 445 2033 in
458 1979 545 2043 annis,

75 2051 185 2107 mallem
197 2051 305 2106 divitias
318 2053 385 2106 mihi
398 2051 516 2108 dedisses

74 2126 128 2191 isti,
144 2127 210 2198 quoi
222 2143 309 2199 neque
321 2145 415 2182 servus
427 2134 474 2192 est,
491 2143 577 2198 nequo
589 2144 661 2194 aroa;

73 2217 157 2269 quam
170 2200 210 2255 sic
222 2208 247 2256 ta
258 2200 357 2255 eineres
370 2199 404 2256 ab
417 2201 463 2256 illo
475 2201 568 2256 amari.

72 2271 164 2339 »Qui‘i
175 2292 229 2330 non
242 2283 282 2329 est
294 2275 373 2330 homo
382 2274 504 2330 bellust«
517 2273 633 2346 inquies.
647 2273 708 2331 Est:

71 2347 119 2400 sed
132 2347 203 2403 bello
215 2349 280 2404 huic
292 2366 378 2422 neque
392 2367 485 2404 servus
495 2357 543 2414 est,
558 2365 644 2419 neque
657 2365 726 2405 arca.

70 2421 143 2475 Haec
156 2429 194 2487 tu,
209 2440 291 2494 quam
306 2423 387 2488 lubet,
402 2421 633 2494 abiioeelevaquc:

69 2512 119 2549 nec
131 2513 243 2550 servum
257 2505 342 2551 tamen
357 2497 402 2552 ilie
414 2498 501 2563 habet,
516 2514 603 2568 nequa
615 2513 713 2553 arcam.

331 2655 508 2664 ..n—...vau—

68 2739 204 2796 Crruac.
621 2739 640 2791 B
