2030 3036
247 147 456 204 CARMINUM
475 149 600 202 LIBER.
763 153 795 206 l3

46 257 111 334 [Nee
120 259 236 326 mirum;
249 263 299 311 tom
309 256 415 328 penitus
425 273 493 328 quae
504 264 589 311 mente
599 255 737 333 laborent]

45 333 101 387 Nos
111 332 163 387 alio
171 339 281 396 mentes,
294 329 345 385 alio
355 329 497 385 divisimus
507 347 597 386 aures:
824 344 849 387 15

45 409 105 461 iure
116 407 199 480 igitur
210 405 362 460 vinoemur:
383 411 454 459 amat
464 405 572 460 victoria
582 421 683 460 euram.

45 480 133 547 Quare
143 497 216 535 nune
226 479 329 534 animos
338 477 431 534 saltem
440 480 595 535 eommittite
604 487 716 538 vesties:

46 555 132 608 dioere
142 555 197 609 iam
208 554 342 626 incipient,
354 553 408 607 iam
419 553 575 625 respondere
583 554 693 610 decebit.

46 630 151 703 Hymen
161 645 177 683 ο
188 629 347 702 Hymenaee,
358 628 462 701 Hymen
472 627 533 684 ades
542 645 559 684 ο
568 629 726 702 Hymenaee.

347 733 497 778 Pununan

81 811 205 881 Hespere‚
218 809 266 880 qui
275 807 346 862 neele
355 805 437 862 fertur
446 809 575 865 crudelior
585 807 675 884 ignis‘.l
823 824 848 865 2⁰

46 885 92 956 qui
103 890 195 938 natam
204 883 291 954 possis
300 882 439 954 eomplexu
453 884 564 939 avellere
573 885 673 950 matris,

46 957 187 1030 complexu
196 957 289 1011 matris
299 958 452 1012 retinentem
463 959 573 1014 avellere
583 967 679 1025 natam,

46 1041 70 1088 et
79 1032 172 1087 iuveni
184 1031 286 1086 ardenti
295 1039 394 1086 castam
403 1032 500 1088 donare
509 1034 643 1105 puellam?

46 1107 116 1174 Quid
125 1106 224 1161 iaciant
233 1106 320 1160 hostes
334 1114 407 1178 napta
417 1107 550 1164 crudelius
560 1109 644 1163 urbe‘l

47 1183 149 1256 Hymen
159 1197 176 1235 n
186 1181 343 1254 Hymenaee,
355 1182 458 1253 Hymen
469 1181 554 1238 adeso
564 1184 721 1255 Hymenaee.
822 1193 848 1236 25

352 1285 493 1329 lurrnrs

81 1364 206 1434 Hespero,
218 1362 266 1432 qui
276 1359 346 1417 noelo
357 1360 426 1415 lueet
435 1358 576 1413 iucundior
585 1360 674 1433 ignis‘l

47 1438 92 1508 qui
103 1437 237 1507 desponsa
245 1447 289 1490 tua
301 1435 390 1489 firmes
400 1433 533 1489 eonnuhia
543 1431 662 1489 flamma:

47 1511 116 1582 quod
126 1509 251 1583 pepigere
261 1510 321 1576 viri,
332 1510 490 1582 pepigerunt
499 1515 559 1562 ante
568 1516 696 1580 parentes,
794 1507 795 1510 ’

47 1601 92 1640 nee
102 1587 215 1641 iunxere
222 1583 307 1655 prius,
318 1601 400 1656 quam
411 1599 439 1637 se
448 1589 510 1636 tuus
521 1582 615 1638 extulit
623 1584 709 1638 ardor.

46 1659 114 1726 Quid
124 1661 205 1716 datur
214 1675 229 1714 a
238 1657 309 1714 divis
319 1657 388 1713 leliei
401 1659 515 1729 optatius
529 1657 611 1711 hora‘l
821 1668 847 1710 3⁰

46 1735 147 1810 Hymen
160 1733 343 1808 0Hymenaee,
356 1735 459 1806 Hymen
470 1731 531 1786 ades
540 1748 556 1786 ο
565 1731 724 1805 Hymenaee.

333 1839 483 1880 Puniens

80 1917 214 1987 Hesperus
223 1931 239 1968 e
247 1913 333 1978 nobis,
345 1909 475 1984 aequales,
488 1911 596 1967 abstulit
606 1929 697 1968 unam.

45 1990 144 2061 Nempe
154 1996 202 2044 tuo
210 1987 326 2043 adventu
337 1985 429 2059 vigilat
438 1985 566 2042 custodia.
604 1985 712 2060 Semper

47 2072 117 2118 nocte
127 2061 297 2125 latent'iures,
313 2077 380 2132 quos
390 2060 460 2114 idem
469 2079 546 2133 saepe
554 2068 694 2125 revertens,

46 2137 165 2209 Hespero,
179 2141 279 2191 mutato
289 2133 695 2206 eomprendisnomineeosdem.
821 2144 846 2187 ts

349 2241 489 2283 Iuvenum

81 2318 113 2372 Ut
122 2316 198 2373 lubet
207 2315 327 2386 innuptis
338 2314 397 2368 fietu
406 2321 431 2368 te
440 2329 546 2383 oarpere
553 2313 668 2385 questu?

46 2389 112 2455 Quid
123 2398 192 2455 tum,
205 2389 228 2444 si
239 2395 359 2459 carpunt,
371 2389 447 2443 tacita
457 2403 539 2458 quem
547 2394 635 2442 mente
643 2389 800 2460 requirunt?

46 2464 145 2538 Hymen
157 2482 173 2519 ο
183 2465 342 2537 Hymenaee,
353 2463 456 2536 Hymen
465 2460 527 2515 ades
537 2477 553 2515 ο
563 2461 720 2535 Hymenaee.

346 2569 387 2610 Pu
433 2575 496 2610 nan

80 2635 170 2693 Utiles
181 2638 210 2691 in
220 2636 302 2708 septis
310 2578 427 2691 secretim
435 2633 551 2689 nascitur
560 2633 652 2698 bortis,
