2030 3040
211 155 258 206 l60
478 151 685 208 PROPERTII

156 269 181 310 30
248 259 317 312 hanc
327 276 370 312 me
379 259 501 314 militiam
511 260 562 315 lata
573 263 663 316 subire
672 261 774 317 volunt.

210 333 244 387 At
253 340 290 396 tu,
302 350 349 387 seu
359 334 446 388 mollis
456 352 509 406 qua
519 335 691 401 uadimonia,
704 353 751 390 seu
762 354 815 408 qua

245 407 329 480 Lydia
339 408 435 462 Pactoli
445 410 523 482 tingit
533 418 602 464 arata
613 409 709 482 liquor,

209 498 256 535 seu
265 481 378 552 pedibus
387 491 476 547 terras,
489 501 535 537 sen
548 492 659 554 pontum
668 501 773 556 carpere
784 485 865 538 remis

247 556 308 620 ibis,
320 564 345 610 et
353 558 449 628 accepti
459 575 520 628 pars
531 559 582 612 eris
592 559 710 630 imperii:

155 640 180 681 35
210 637 268 683 turn
278 631 324 685 tibi
335 631 358 684 si
369 648 421 702 qua
431 633 483 685 mei
493 633 579 686 veniet
590 649 642 686 non
653 634 791 686 immemor
801 633 873 697 hora,

247 705 335 759 vivere
345 722 387 758 me
396 705 463 759 duro
473 705 556 759 sidere
565 714 651 760 certus
659 708 720 760 eris.

460 833 617 876 ELEGIA
645 835 705 877 vtl.

209 915 288 978 Dum
297 923 345 977 tibi
356 922 483 979 Cadmeae
494 923 627 990 dicuntur,
639 926 753 991 Pontice,
764 925 877 990 Thebae,

247 1015 373 1070 armaque
382 997 509 1052 fraternae
517 999 600 1052 tristia
610 999 732 1067 militiae3

210 1080 297 1143 atque,
309 1072 344 1126 ita
354 1073 406 1126 sim
415 1071 487 1138 felix,
498 1074 585 1144 primo
594 1073 728 1129 contendis
738 1075 858 1138 Homero,

246 1147 300 1200 sint
309 1146 387 1202 modo
396 1145 447 1202 lata
458 1155 510 1202 tuis
520 1148 609 1203 mollia
618 1149 795 1204 carminibus:

155 1233 166 1272 5
209 1238 266 1285 nos,
280 1230 486 1287 nteonsuemus,
498 1231 599 1278 nostros
608 1224 739 1297 agitamus
748 1239 858 1287 amores,

246 1303 325 1368 atque
334 1297 437 1369 aliquid
445 1297 540 1352 duram
549 1301 703 1371 quaerimus
713 1299 741 1352 in
753 1296 900 1352 dominam.

209 1371 262 1424 Nee
271 1378 374 1426 tantum
384 1374 499 1446 ingenio,
510 1382 641 1446 quantum
651 1373 750 1427 servire
758 1371 841 1426 dolori

246 1461 332 1518 cogor,
344 1454 369 1502 et
378 1452 468 1502 aetatis
477 1456 593 1520 tempora
604 1447 671 1502 dura
683 1448 769 1519 queri.

208 1520 256 1573 Hie
267 1521 334 1574 mihi
344 1523 485 1577 conteritur
495 1523 562 1576 vitae
571 1521 676 1586 modus,
683 1522 747 1575 haee
755 1537 811 1575 mea
822 1519 891 1574 lama
901 1530 956 1590 est,

155 1605 180 1645 to
247 1595 311 1648 hinc
319 1599 397 1667 cupio
406 1613 502 1650 nomen
512 1599 637 1650 carminis
646 1597 684 1650 ire
693 1599 755 1649 mei.

209 1669 251 1723 Me
260 1668 367 1724 laudent
375 1670 464 1726 deame
473 1669 560 1724 solum
572 1670 702 1742 placuisse
710 1669 821 1740 puellae,

246 1745 359 1810 Pontice,
370 1751 395 1798 et
404 1746 515 1800 iniustas
525 1761 602 1816 saepe
610 1744 703 1799 tulisse
712 1745 808 1797 minas.

209 1819 250 1872 Me
260 1817 329 1892 legat
337 1819 443 1873 assidue
451 1826 509 1890 post
521 1819 584 1872 haec
593 1817 725 1889 neglectus
735 1824 843 1878 amator,

245 1901 270 1946 et
282 1892 383 1962 prosint
392 1892 431 1945 illi
443 1891 546 1964 cognita
556 1898 642 1944 nostra
654 1889 732 1942 mala.

154 1979 179 2019 tt
210 1967 246 2020 Te
258 1982 364 2036 quoque
374 1966 396 2018 si
406 1972 474 2016 certo
485 1979 550 2031 puer
560 1963 604 2015 hic
614 1960 773 2015 concusserit
785 1975 856 2022 arcu,

245 2039 329 2110 (qaod
340 2036 422 2091 nolim
432 2043 532 2089 nostros
541 2032 672 2089 evoluisse
680 2033 742 2088 deos
751 2033 771 2107 :)

209 2114 285 2184 longe
295 2118 376 2164 eastra
387 2110 434 2163 tibi
439 2151 444 2174 ,
457 2109 622 2182 longemiser
631 2109 737 2182 agmina
747 2115 845 2179 septem

246 2186 320 2239 flebis
330 2191 357 2238 in
368 2193 471 2239 aeterno
480 2183 560 2238 surda
570 2184 652 2238 iaeere
661 2184 727 2250 situ3

209 2269 233 2313 et
242 2259 337 2313 frustra
347 2260 437 2330 cupies
449 2258 555 2315 mollem
565 2277 720 2331 componere
731 2275 848 2322 versum,

153 2348 178 2389 20
246 2352 294 2390 nec
303 2335 352 2389 tihi
361 2335 483 2391 subiiciat
491 2336 607 2389 earmina
617 2353 692 2389 serus
703 2335 794 2389 Amor.

209 2411 335 2466 Turrense
345 2427 397 2465 non
407 2410 537 2466 humilem
547 2411 761 2481 miraberesaepe
771 2415 887 2480 poetam

246 2496 308 2540 tunc
319 2503 368 2559 ego
376 2487 502 2542 Romanis
510 2484 640 2557 praeferar
651 2485 779 2558 ingeniis:

209 2579 256 2616 neo
265 2568 387 2632 poterunt
396 2562 505 2617 iuvenes
515 2569 603 2616 nostro
612 2561 717 2615 reticere
726 2558 857 2631 sepulcro:

245 2655 346 2692 aaronis
356 2655 438 2692 sosani
450 2655 530 2693 sacra
544 2653 628 2691 mari.
641 2653 720 2690 raons.
