2028 3034
284 145 494 202 CARMINUM
514 146 627 199 LIBER

218 265 243 311 to
255 254 367 311 volente.
407 252 473 320 Quis
485 253 549 307 huic
561 252 609 307 deo

256 328 430 401 oompararier
442 326 529 382 ausit?

219 438 339 493 Claustra
351 435 458 507 pandite
469 435 577 490 ianuae:

220 514 295 585 virgo
307 510 389 565 adast.
428 508 519 566 Viden’
532 515 562 563 ut
573 507 642 564 faoas

220 584 371 658 splendidas
383 584 507 656 quatiunt
518 582 624 638 oomas‘?

220 661 272 716 Sed
283 659 407 726 moraris3
428 658 483 714 abit
494 657 565 712 dios:

258 733 377 806 prodeas,
391 749 460 788 nova
472 739 564 804 nupta.

221 841 314 896 Tardet
326 842 459 914 ingenuus
471 838 570 912 pudor:

221 934 290 989 quae
301 924 389 970 tamen
402 915 487 988 magis
500 913 609 968 audiens

220 992 271 1056 flet,
287 989 360 1062 quod
372 990 410 1043 ire
422 1005 527 1043 nsoosso
539 989 583 1042 sit.

220 1065 271 1122 Sed
284 1064 408 1132 moraris3
430 1063 484 1118 abit
495 1062 565 1116 dias:

256 1139 376 1212 prodeas,
391 1154 460 1193 nova
473 1144 564 1208 nupta.

220 1246 405 1304 Flerodesine.
444 1247 503 1302 Non
516 1245 573 1309 tibi,
587 1244 643 1300 Au·

220 1321 366 1386 runculeia‚
380 1318 529 1392 periculum
541 1329 589 1383 est,

221 1415 254 1452 ne
266 1413 320 1468 qua
331 1394 430 1449 femina
442 1393 577 1465 pulohrior

222 1471 323 1526 darum
336 1470 370 1524 ab
383 1468 486 1524 Oceano
498 1468 569 1523 diam

258 1545 355 1600 viderit
367 1540 525 1599 venientem.
622 1589 625 1592 „

221 1663 292 1718 Talis
304 1663 332 1716 in
345 1661 418 1717 vario
430 1659 495 1714 solet

221 1737 312 1793 divitis
325 1735 426 1790 domini
439 1731 543 1788 hortulo

222 1819 289 1866 stara
301 1809 348 1865 ssos
362 1808 562 1884 hyacinthinus

221 1886 273 1942 Sed
285 1885 405 1950 moraris,
420 1883 475 1938 abit
487 1881 555 1936 dies:

260 1960 378 2032 prodeas,
393 1975 462 2014 nova
474 1968 566 2028 nupta.

222 2085 342 2149 prodeas,
357 2101 425 2140 nova
438 2090 529 2154 nupta,
545 2082 566 2136 si

221 2162 275 2214 iam
288 2159 401 2224 ridetur,
415 2166 441 2214 et
453 2157 544 2212 audias

222 2242 311 2290 nostra
324 2234 413 2289 verba.
453 2228 563 2289 Viden'?
581 2228 649 2284 froas

222 2325 314 2364 aureas
327 2308 451 2380 quatiunt
463 2322 566 2361 oomas:

260 2383 380 2456 prodeas,
394 2398 462 2438 nova
475 2386 567 2450 nupta.

222 2493 281 2548 Non
294 2499 356 2547 tuus
369 2489 436 2545 lavis
448 2489 476 2543 in
489 2486 560 2543 mala

222 2566 328 2622 deditus
342 2565 382 2621 vir
395 2562 521 2628 adultera,

222 2642 318 2713 probra
332 2639 418 2712 turpia
431 2651 601 2710 persequens,
