2028 3034
272 177 481 236 CAR‘lllNUM
500 182 627 238 LIBER.
789 187 818 238 et

73 285 222 342 Sedtamen
232 285 261 339 in
271 286 350 340 tantis
359 288 531 350 moeroribus,
544 287 654 352 Hortale,
667 290 742 345 mitte
851 301 875 344 15

109 361 175 414 haee
184 377 309 430 expressa
318 361 366 414 tihi
376 361 492 415 carmina
502 361 641 426 Battiadae,

74 451 107 489 ne
116 442 161 488 tua
171 433 241 487 dicta
251 435 327 506 vagis
338 436 516 507 nequicquam
524 435 621 488 credita
631 437 716 491 ventis

109 507 246 562 effluxisse
254 524 313 562 meo
321 507 386 563 ferte
393 517 470 578 putes
478 509 576 572 anime,

74 589 103 636 ut
111 582 228 636 missum
238 583 329 652 sponsi
339 581 436 636 furtive
446 599 555 636 munere
565 581 667 637 malum

110 656 242 726 procurrit
251 662 320 708 caste
330 657 442 730 virginis
453 673 468 709 e
479 656 589 728 gremio,

74 729 147 800 quod
157 729 268 782 miserae
277 728 372 784 oblitae
382 729 455 784 molli
465 731 517 783 snb
527 737 597 784 veste
607 729 729 797 locatum,

111 802 178 856 dum
189 802 303 856 adventu
313 804 405 857 matris
413 802 525 874 prosilit,
537 805 681 859 excutitur:

74 883 153 948 atque
162 875 231 929 illud
240 893 322 946 pruno
331 893 454 948 praeceps
463 878 550 950 agitur
558 877 680 944 decursu,

110 950 176 1004 huic
185 959 274 1004 manat
284 951 349 1004 tristi
360 952 480 1005 conscius
490 968 534 1005 ore
543 953 633 1007 ruber.

216 1077 315 1120 nxvr.
340 1077 438 1122 cona
460 1047 678 1124 nunnnrcrs.

75 1157 179 1222 Omnia
190 1167 237 1237 qui
248 1169 339 1240 magni
348 1167 463 1238 dispexit
472 1168 575 1224 lumina
584 1171 689 1235 mundi,

111 1241 159 1312 qui
170 1240 304 1296 stellarum
314 1249 386 1296 crtus
396 1244 521 1314 comperit
531 1250 608 1314 atque
622 1244 724 1300 obitus:

74 1312 213 1368 flammeus
222 1323 252 1369 ut
262 1315 347 1386 rapidi
357 1315 425 1370 Solis
435 1319 504 1371 niter
512 1317 673 1382 obscuretur,

111 1395 142 1442 ut
151 1387 243 1442 cedant
252 1389 328 1444 certis
338 1389 423 1444 sidera
433 1391 604 1461 temporibus,

74 1471 104 1516 ut
114 1462 232 1516 Triviam
241 1461 333 1518 furtim
341 1464 393 1517 sub
401 1465 504 1519 Latmia
513 1483 576 1519 saxa
586 1464 715 1540 relegans,

112 1535 198 1589 dulcis
208 1553 281 1590 amer
290 1554 357 1610 gyro
365 1537 471 1592 devocet
481 1539 563 1592 aerio:

74 1608 145 1662 idem
155 1626 197 1662 me
207 1609 251 1664 ille
261 1609 350 1666 Conon
360 1610 462 1666 coelesti
472 1612 500 1666 in
514 1611 615 1668 lumine
623 1613 691 1668 vidit

110 1700 126 1736 e
135 1682 271 1737 Bereniceo
281 1685 375 1739 vertice
384 1687 523 1740 caesariem

73 1755 218 1829 fulgentem
227 1757 309 1813 clare:
330 1776 412 1830 quam
423 1760 514 1814 multis
523 1759 568 1814 illa
578 1759 696 1825 deorum,

112 1830 196 1885 laevia
205 1831 362 1901 pretendens
371 1833 487 1897 brachia,
499 1833 613 1904 pollicita
623 1842 670 1898 est,

72 1921 126 1975 qna
137 1921 184 1958 rex
194 1911 351 1975 tempestate,
364 1923 432 1962 novo
442 1915 534 1962 auctus
544 1907 697 1982 hymenaeo,

111 1985 242 2032 vastatum
256 1979 321 2034 fines
331 1980 413 2036 iverat
421 1981 552 2054 Assyrios,

72 2050 161 2106 dulcia
171 2060 313 2108 noeturnae
321 2062 427 2124 portans
438 2056 546 2128 vestigia
556 2057 638 2121 rixae,

109 2143 193 2196 quiam
203 2126 236 2180 de
245 2127 371 2200 virgineis
380 2137 495 2202 gesserat
503 2129 619 2184 exuviis.

73 2199 153 2254 Estne
162 2200 240 2254 novis
249 2202 340 2271 nuptis
348 2203 408 2258 cdio
417 2203 524 2258 Venus?
542 2212 758 2274 anneparentum

108 2273 271 2328 frustrantur
279 2273 352 2330 falsis
363 2277 459 2349 gaudia
469 2276 623 2342 lacrimulis,

72 2347 187 2403 ubertim
199 2348 307 2404 thalami
317 2367 384 2421 quas
394 2351 462 2405 intra
471 2350 564 2405 limina
575 2348 709 2404 tundunt?

108 2424 178 2486 Non,
191 2422 226 2476 ita
236 2439 279 2476 me
288 2422 354 2489 divi,
367 2442 427 2480 vera
436 2431 555 2498 gemunt,
567 2423 673 2479 inerint.

71 2496 101 2551 ld
109 2514 168 2552 mea
179 2514 224 2552 me
232 2495 325 2552 multis
335 2497 424 2553 docuit
433 2499 523 2572 regina
533 2497 656 2569 qirerelis,

107 2571 240 2627 invisente
250 2587 319 2626 novo
328 2571 425 2644 proelia
435 2579 507 2628 torva
519 2572 587 2628 viro.

71 2646 111 2702 ln
122 2653 152 2701 tu
163 2662 217 2702 non
228 2645 325 2702 erbum
336 2646 403 2702 luxti
413 2646 514 2702 deserta
523 2645 620 2710 cubile,
