2030 3036
267 131 478 187 Clamitent
496 133 622 189 LIBER.
802 141 818 190 9

109 243 170 294 istos
183 239 330 304 eommoda,
345 257 409 295 nam
421 239 481 295 volo
493 239 527 294 ad
539 239 647 312 Sarapin

109 313 212 368 deferri.
252 314 329 369 llane
341 332 393 379 me,
410 315 497 387 inquii
509 314 625 385 puellae:

108 387 188 453 istud,
203 387 277 460 quod
288 388 367 443 modo
379 388 498 444 dixeram
511 407 553 443 ma
565 389 669 455 habere,

108 462 176 536 sugit
189 480 231 517 me
244 464 318 518 ratio.
357 464 432 518 Meus
445 461 543 518 sodalis

109 537 193 592 Cinna
206 544 246 591 est
257 537 351 592 Caius:
373 537 396 591 is
409 537 462 592 sibi
474 537 586 609 paravit.

108 613 207 668 Verum
221 618 311 666 utrum
324 610 406 676 illins,
422 630 456 666 an
469 611 530 677 mei,
545 612 612 683 quid
624 612 658 667 ad
671 612 731 667 me?

108 694 167 740 utor
182 693 235 740 tam
247 686 322 751 bene,
337 703 419 758 quam
432 686 499 741 mihi
511 687 637 758 pararim.

108 760 159 816 Sed
171 769 201 815 tu
214 758 315 815 insulsa
328 759 397 815 male
408 769 434 815 et
445 760 554 816 molesta
567 762 645 827 vivis,

108 852 154 906 per
166 852 249 907 quam
263 852 315 890 non
329 833 388 890 lieet
400 853 457 890 esse
469 835 655 910 negligentem.

155 961 203 1004 xl.
229 963 274 1007 an
298 963 441 1007 FllltlUlll
461 964 509 1007 ET
530 964 732 1008 ananelum.

145 1048 215 1110 Furi
227 1064 252 1110 et
263 1051 364 1119 Aureli,
379 1056 486 1111 oomites
498 1055 605 1120 Catulli,

109 1131 165 1184 sive
178 1130 206 1184 in
219 1137 349 1184 extremos
360 1131 506 1201 penetrabit
518 1130 605 1196 lndos,

111 1205 173 1260 litus
186 1213 216 1259 ut
228 1203 305 1278 longe
319 1213 455 1260 resonante
467 1205 522 1259 an

204 1279 324 1334 tunditur
338 1278 423 1347 unda3

109 1354 166 1409 siva
179 1354 207 1408 in
220 1355 363 1428 Hyrcanos,
379 1353 532 1425 Arabesque
546 1351 647 1419 molles,

108 1445 156 1483 seu
169 1427 256 1493 Sacas,
271 1427 480 1502 sagittiferosque
492 1427 609 1494 Parthos,

109 1521 167 1558 sive
179 1521 233 1576 qua
245 1505 470 1577 septemgeminus
482 1502 578 1558 eolorat

203 1595 316 1650 aequora
328 1577 419 1646 Nilus3

110 1653 167 1708 sive
179 1660 251 1706 trans
264 1651 328 1708 altas
341 1652 475 1726 gradietur
487 1651 576 1724 Alpes,

110 1726 229 1782 Caesaris
241 1727 330 1781 visens
342 1733 512 1782 monumenta
524 1726 624 1799 magni,

110 1800 243 1856 Gallinam
256 1801 389 1866 Rhenum,
404 1799 597 1872 horribilesque
610 1800 673 1855 ulti-

203 1893 315 1948 mosque
327 1876 477 1932 Britannos:

110 1950 200 2005 omnia
214 1950 285 2014 liaeo,
300 1967 475 2023 quaeeunque
487 1950 550 2005 ieret
562 1948 684 2006 voluntas

110 2025 243 2089 coalitum,
259 2033 355 2080 tentare
367 2025 449 2081 simul
461 2025 554 2096 parati,

110 2116 193 2170 pauca
207 2100 324 2154 nuntiate
336 2117 409 2154 meae
421 2099 524 2171 puellae

204 2191 256 2229 non
271 2175 338 2229 bona
351 2174 429 2228 diota.

111 2249 179 2304 Cum
192 2249 250 2303 suis
264 2249 336 2304 vivat
347 2249 485 2320 valeatque
497 2247 622 2310 moechis,

110 2340 178 2395 quos
190 2321 271 2378 simul
285 2322 421 2396 eomplexa
435 2331 503 2378 tenet
515 2330 649 2385 trecentos,

111 2396 217 2452 nullum
230 2415 323 2452 amans
337 2415 404 2462 vere,
419 2397 466 2453 sed
478 2396 620 2451 identidem
633 2395 753 2450 omniurn

205 2471 250 2526 ilia
264 2489 400 2544 rumpens.
849 2479 875 2521 2⁰

110 2548 166 2601 Neo
176 2565 268 2602 meum
281 2554 415 2618 respectet,
430 2553 540 2610 utente,
555 2561 680 2610 amorem,

110 2622 158 2694 qui
172 2621 246 2677 illius
258 2621 335 2694 eulpa
348 2621 449 2686 cecidit,
465 2621 537 2676 velut
549 2621 616 2691 prati
