2040 3030
206 151 256 205 εει
473 121 685 204 rnoinnr'u

152 268 177 310 2⁰
247 273 327 328 quem
338 255 407 330 legat
416 265 570 328 exspectans
580 254 635 310 solu
645 255 733 326 puella
743 257 845 310 virum.

207 329 262 385 Cur
271 341 315 385 tua
326 332 499 402 praescriptos
509 338 596 385 eventu
605 338 645 385 est
656 330 752 402 pagina
762 331 863 404 gyros?

244 407 303 460 Non
313 414 352 460 est
363 406 463 479 ingenii
473 405 570 479 cymba
579 404 715 478 gravanda
724 405 774 460 tui.

207 479 279 535 Alter
289 498 378 536 remus
389 498 480 552 aquas,
494 479 559 534 alter
568 479 616 534 tibi
627 479 701 534 radat
710 497 816 548 arenas,

246 563 318 610 tutus
328 556 394 610 eris:
416 554 630 622 mediomaxime
640 554 717 608 turbu
728 554 794 608 mari
804 564 874 608 esu«

152 641 178 683 25
209 631 323 696 Dixerat,
335 638 360 684 et
369 629 466 700 plectro
475 630 565 684 sedem
576 629 644 684 mihi
654 638 782 684 monstret
791 630 904 695 eburno,

245 722 299 778 qua
309 722 378 761 nova
388 722 510 760 muscoso
519 704 612 760 semita
622 702 687 758 facta
698 701 764 758 solo.

208 781 256 834 Hie
264 787 319 835 erut
328 779 424 834 adfixis
435 780 530 834 viridis
540 779 666 851 spelunca
676 777 783 850 lapillis,

246 854 449 926 pendebantque
458 857 530 910 cavis
540 863 667 928 tympana
676 853 840 925 pumicibuS.

208 930 279 1002 Ergo
289 930 426 984 Musarum
435 937 462 984 et
470 929 554 984 Sileni
563 929 646 1000 patris
656 928 744 1001 imago

154 1014 179 1056 κο
248 1001 344 1067 fictilis,
355 1010 381 1056 et
389 1002 494 1068 calami,
506 1005 560 1058 Pan
571 1003 693 1075 Tegeaee,
705 1003 753 1067 tui,

208 1084 233 1131 et
242 1077 351 1132 Veneris
360 1076 484 1133 dominae
493 1077 623 1142 volueres,
635 1094 694 1132 mea
703 1078 790 1142 turbu,
802 1076 943 1133 eolumbae

246 1151 353 1226 tingunt
362 1151 500 1226 Gorgoneo
508 1151 608 1208 Punica
618 1159 700 1207 rostra
711 1151 779 1217 lecu,

208 1227 381 1298 diversaeque
391 1245 484 1282 novem
497 1227 602 1282 sortitae
611 1227 669 1282 iure
678 1225 783 1299 puellae

246 1311 367 1357 exeroent
376 1311 477 1358 teneres
488 1304 514 1358 in
527 1321 575 1357 sua
585 1302 654 1358 donn
667 1318 774 1357 manus.

154 1387 179 1430 35
209 1377 278 1432 Haeo
288 1377 397 1432 hederas
409 1377 470 1451 legit
480 1379 508 1433 in
518 1378 633 1452 thyrsos,
646 1377 711 1432 haec
720 1377 837 1432 carmina
848 1379 938 1430 nervis

246 1461 327 1524 apiat3
350 1460 376 1508 et
385 1452 430 1507 iliu
441 1469 522 1508 manu
534 1453 598 1507 texit
607 1459 720 1524 utraque
731 1469 828 1506 rosam.

207 1529 228 1581 E
240 1545 355 1600 querum
366 1545 477 1583 numero
488 1545 530 1582 me
539 1526 648 1600 eontigit
657 1544 711 1581 une
720 1525 845 1582 dearum:

246 1611 276 1658 ut
285 1621 343 1657 reor
352 1621 367 1656 a
376 1601 449 1666 fecie,
461 1601 593 1673 Calliopen
603 1600 663 1656 fuit.

208 1678 369 1734 »Contentus
378 1677 464 1732 niveis
474 1693 578 1748 semper
588 1675 722 1732 vectabere
732 1677 832 1750 cycnis,

153 1759 179 1805 4⁰
247 1750 798 1825 nectefortisequiduoetedermaeonus.

209 1827 250 1882 Nil
262 1827 311 1882 tibi
321 1829 356 1881 sit
366 1843 444 1882 reuco
453 1825 590 1897 praeeonie
601 1825 708 1878 classice
719 1841 801 1878 eornu
895 1821 899 1830 '

245 1901 316 1965 flere,
328 1918 377 1956 nee
386 1900 501 1954 Aonium
512 1901 617 1971 cingere
627 1899 708 1951 Marte
717 1914 826 1949 nemus:

208 1983 253 2030 eut
263 1976 363 2046 quibus
376 1974 402 2025 in
413 1973 514 2040 campis
524 1971 642 2025 Mariano
651 1968 748 2038 proelia
759 1969 836 2040 signo

245 2057 321 2111 stent,
333 2054 358 2100 et
368 2045 523 2098 Teutonicas
534 2044 615 2097 Rome
626 2041 751 2114 refringat
763 2059 839 2112 opes:

153 2131 178 2176 45
208 2121 336 2176 barbarus
347 2125 392 2172 aut
402 2117 489 2172 Suevo
501 2115 625 2189 perfusus
634 2117 765 2190 sanguine
775 2116 884 2172 Rhenus

244 2194 333 2248 sanein
343 2192 469 2248 moerenti
480 2209 586 2265 corpore
597 2199 679 2248 vectet
689 2209 769 2265 nque.

207 2270 312 2342 Quippe
320 2276 455 2325 coronatos
465 2269 583 2324 alienum
593 2267 627 2324 nd
637 2267 718 2323 limen
728 2275 846 2324 amantes

246 2353 443 2418 nocturnaeque
451 2363 529 2401 cenes
541 2345 613 2400 ebria
624 2344 699 2418 signa
711 2342 798 2418 fugae.

208 2429 239 2478 ut
247 2422 442 2494 perteelauses
452 2421 517 2477 soiat
525 2429 664 2476 excantare
673 2419 784 2491 puellas,

155 2509 180 2552 5⁰
247 2498 296 2570 qui
306 2497 376 2553 volet
385 2505 502 2552 austeros
512 2503 566 2551 erte
576 2493 653 2550 ferire
663 2495 763 2549 virne«

210 2573 282 2630 Talia
292 2573 416 2644 Calliope,
429 2572 627 2646 lymphisquea
638 2570 707 2625 [onte
717 2569 813 2642 petitis,

248 2667 291 2705 ore
302 2649 416 2704 Philetea
427 2655 515 2703 nostru
526 2646 622 2720 rigavit
632 2662 711 2717 equa.
