2040 3030
224 156 274 207 2⁹22
492 151 702 208 PROPERTll

224 259 258 314 At
268 257 344 321 mihi,
356 258 429 329 quod
439 259 501 314 vivo
510 259 650 313 detraxerit
662 259 754 314 invida
764 262 851 327 turba,

262 341 320 402 post
328 332 430 386 obitum
442 332 541 403 duplici
552 332 655 387 foenore
667 333 755 388 reddet
765 336 864 390 Honos.

225 406 320 461 Omnia
332 414 390 476 post
399 407 501 461 obitum
512 408 589 479 lingit
598 408 696 462 maiora
709 416 841 462 vetustas:

263 480 350 534 maius
359 481 393 535 ab
402 481 537 552 exsequiis
548 497 644 536 nomen
655 482 682 535 in
693 483 829 536 oraverit.

170 563 195 606 25
225 555 294 607 Nem
303 555 365 626 quis
375 571 444 626 equo
453 555 544 626 pulsas
555 555 666 628 abiegno
676 566 792 610 noseeret
802 557 894 612 arces?

262 627 855 700 {luminaquellaemonioeominusisseviro‘?
937 631 951 656 ⁸

226 702 332 756 idaeum
343 702 474 757 Simoente
485 702 555 758 lovis
565 703 697 758 cunabula
706 703 801 774 parvi?

263 777 369 830 Hectora
381 785 417 830 ter
427 794 543 846 campos,
555 786 594 832 ter
604 776 750 832 maculasse
760 777 846 832 rotas‘?

227 850 459 922 Deiphobumque,
471 850 669 921 Helenumque,
681 860 706 906 et
716 850 909 978 Pulydpmanta
920 857 979 907 sine

720 943 801 980 ermis

171 1010 197 1052 eo
264 996 481 1068 Qualemounque
491 999 570 1052 Parin
580 999 627 1053 vix
637 1017 685 1053 sua
696 1000 904 1056 nossethumus.

224 1071 330 1142 Exiguo
340 1087 460 1125 sermone
469 1070 536 1126 loros
547 1088 628 1136 nunc,
640 1072 716 1138 Ilion,
729 1081 753 1127 et
763 1082 791 1127 tu

263 1144 347 1210 Troia,
359 1145 402 1199 bis
412 1145 498 1200 Oetaei
509 1147 620 1201 numine
629 1154 703 1218 cepte
713 1146 766 1202 dei.

225 1221 341 1274 Necnon
352 1219 396 1274 ille
406 1222 445 1274 tui
454 1238 531 1275 nasus
540 1228 698 1277 memorator
706 1223 835 1276 Homerus

263 1295 411 1365 posteritate
419 1314 501 1351 suum
509 1313 624 1352 oresoere
633 1297 713 1352 sentit
721 1313 799 1366 opus.

171 1380 196 1421 35
226 1369 321 1439 Meque
330 1371 398 1425 inter
407 1388 478 1426 seros
487 1370 606 1426 laudubit
615 1372 697 1425 lloma
707 1378 823 1442 nepotes.

265 1442 343 1497 lllum
352 1453 411 1516 post
420 1444 519 1500 eineres
529 1462 646 1518 auguror
655 1445 711 1516 ipse
721 1444 803 1499 diem.

225 1519 264 1571 Ne
273 1535 330 1572 mea
340 1526 469 1574 oontemto
481 1519 549 1590 lepis
559 1520 656 1575 indicet
664 1536 723 1574 osse
733 1517 862 1590 sepulum,

262 1592 399 1662 provisum
410 1602 457 1658 ost,
470 1594 550 1666 Lycio
561 1602 619 1648 vota
630 1593 756 1664 probante
765 1593 824 1648 deo.

226 1661 357 1721 Carminis
368 1667 465 1722 interea
475 1668 556 1721 nostri
567 1668 704 1722 redeamus
714 1667 742 1723 in
754 1668 855 1731 orbem,

170 1747 196 1792 lo
263 1739 376 1812 gaudeat
385 1749 414 1795 ut
424 1741 499 1796 solito
509 1749 574 1795 taeta
584 1741 672 1812 puelle
682 1758 756 1796 sono.

225 1813 341 1884 Orpheu,
353 1821 378 1867 to
387 1815 495 1869 duxisse
503 1815 579 1878 leros,
592 1823 617 1868 et
626 1815 726 1868 oonoita
735 1814 828 1868 dieunt

262 1886 372 1941 flumina
383 1887 502 1940 Thre'ioia
511 1888 671 1940 sustinuisse
680 1885 749 1958 lyra.

224 1961 293 2014 Saxa
303 1959 466 2013 Cithaeronis
476 1958 579 2012 Thebas
588 1959 830 2031 agiteteperartem

261 2039 353 2101 sponte
362 2047 410 2084 sue
421 2031 449 2085 in
460 2035 530 2085 muri
540 2033 659 2086 membre
668 2031 751 2084 ooisse
760 2029 858 2084 ferum.

169 2116 195 2159 45
225 2102 391 2171 Quinetiam,
405 2104 574 2180 Polypheme,
586 2104 638 2160 lere
650 2103 756 2159 Galatea
766 2103 818 2159 sub
827 2104 912 2162 Aetne
1010 2173 1011 2180 ἵ

261 2176 295 2233 ad
304 2186 348 2233 tua
359 2187 474 2234 rorantes
483 2180 602 2235 earmina
612 2178 684 2235 llexit
692 2195 785 2252 equos.

224 2253 359 2319 Miremur,
372 2255 449 2309 nobis
458 2263 483 2310 et
492 2256 592 2310 Baocho
603 2263 629 2311 et
637 2253 759 2327 Apolline
767 2253 868 2318 dextro,

263 2330 337 2383 turba
348 2330 498 2400 puellarum
506 2331 529 2384 si
540 2347 599 2386 mee
609 2331 690 2387 verbe
699 2328 775 2385 eolit‘l

225 2405 296 2477 quod
307 2421 359 2459 non
370 2407 503 2461 Taenariis
512 2414 608 2460 domus
617 2415 657 2462 est
665 2405 733 2460 mihi
743 2403 809 2460 fulta
818 2401 959 2471 oolumuis,

172 2493 197 2534 eo
265 2497 313 2534 nec
321 2479 833 2536 cameraauretasintereburnetrebes:

226 2573 273 2612 neo
283 2572 339 2609 mea
351 2555 479 2612 Phaeacas
488 2565 602 2628 aequent
609 2555 727 2628 pomeria
736 2553 828 2616 silves,

264 2647 315 2685 non
325 2647 432 2702 operosa
442 2632 510 2704 riget
518 2631 627 2687 Martius
636 2637 710 2686 entre
720 2628 820 2701 liquor:
