2030 3040
284 174 356 229 llll.
377 175 431 229 lll.
460 174 575 230 ELEG.
596 175 628 230 V.
782 180 829 231 ¹33

121 282 164 337 Ah
174 299 223 356 ego
232 300 266 338 ne
275 283 375 355 possim
384 290 456 338 tanta
465 281 554 340 videro
563 283 646 339 molal

83 358 138 414 Nec
146 358 195 412 tibi
205 358 358 413 crediderim
369 358 436 414 votis
448 357 576 413 contraria
585 365 653 424 vota,

121 448 170 488 nec
180 439 283 488 tantum
292 433 393 488 crimen
401 439 503 504 pectore
512 435 599 486 inesse
608 439 663 487 tuo.

84 507 244 562 Namteneo
252 507 321 564 vasti
331 514 482 580 genuerunt
491 523 604 578 aequore
614 509 697 578 ponti,
859 521 885 563 tt

59 594 68 609 ·
122 579 311 636 neellammam
321 581 430 636 volvens
438 597 482 636 ore
491 580 628 636 Chimaera
639 581 702 644 lero,

84 671 132 710 nec
140 655 213 710 canis
226 656 357 729 anguinea
366 655 504 710 redimitus
513 663 585 728 terga
594 663 706 721 caterva,

121 730 165 784 cui
178 737 230 784 tres
243 737 307 785 sunt
316 729 424 804 linguae
432 731 662 803 tergeminumque
673 739 761 804 caput,

84 802 205 877 Scyllave
216 805 365 878 rugineom
376 805 488 860 canibus
497 805 629 860 succincta
639 805 766 880 figuram:

122 893 170 932 neo
178 886 203 934 te
211 885 361 950 conceptam
371 897 449 934 saevo
459 877 548 934 leoena
556 879 626 945 tulit,

83 952 253 1008 barbaranae
313 953 382 1008 thiae
393 953 480 1020 tellus,
494 954 658 1012 horrendaue
666 955 761 1030 Syrtis,

121 1027 168 1082 sed
176 1026 247 1082 culta
256 1035 281 1082 ot
309 1029 364 1083 uris
376 1045 429 1084 non
439 1028 583 1084 habitanda
592 1029 697 1098 domus,

83 1108 109 1155 at
117 1100 195 1176 longe
202 1110 261 1158 ante
270 1101 335 1158 alias
344 1120 436 1160 omnes
445 1103 587 1162 mitissima
597 1112 688 1170 mater,

120 1176 197 1249 isque
205 1184 288 1252 pater,
300 1194 354 1250 quo
364 1195 417 1233 non
426 1177 490 1233 alter
499 1178 647 1236 amabilior.

83 1250 152 1306 llaec
164 1251 230 1306 deus
239 1251 268 1306 in
277 1251 374 1308 melius
382 1251 500 1307 crudelia
509 1254 613 1308 somnia
623 1260 714 1319 vertat,

120 1332 145 1380 et
154 1326 242 1382 iubeat
251 1327 353 1398 tepidos
361 1326 436 1382 irrito
443 1325 511 1382 lerre
519 1329 610 1383 Notos.

345 1453 506 1499 sbdola
534 1455 562 1500 V.

83 1539 146 1602 Vos
155 1553 232 1611 tenet,
243 1545 362 1601 Etruscis
371 1554 461 1602 manat
470 1563 539 1618 quae
546 1544 664 1602 lontibus
674 1547 755 1614 unda,

120 1620 193 1676 unda
205 1621 256 1676 sub
266 1621 395 1676 aestivum
405 1638 458 1676 non
468 1621 588 1676 adeunda
597 1621 705 1687 Canem,

83 1712 156 1751 nunc
165 1702 253 1749 autern
263 1695 343 1748 sacris
352 1695 474 1748 Baiarum
485 1695 601 1748 maxima
611 1695 739 1768 lymphis,

120 1785 207 1840 quum
215 1784 244 1821 se
253 1783 387 1838 purpureo
396 1785 456 1823 vere
465 1769 572 1822 remittit
582 1768 681 1823 humus
689 1789 696 1823 ε
777 1805 779 1810 -

82 1851 109 1900 at
118 1841 186 1897 mihi
196 1841 360 1913 Persephone
368 1843 473 1915 nigram
482 1840 619 1898 denuntiat
628 1843 731 1899 horam.

119 1917 252 1972 Immerito
265 1917 355 1973 iuveni
363 1933 441 1988 paroc
451 1933 551 1982 nocere,
562 1916 624 1972 deal

83 1994 141 2047 Non
151 2008 200 2066 ego
209 1992 306 2049 tentavi
316 1992 384 2048 nulli
394 1991 543 2048 temeranda
552 1991 670 2049 virorum

119 2066 207 2122 audax
216 2066 361 2123 laudandae
370 2085 443 2124 sacra
452 2067 543 2123 dooere
550 2066 627 2136 deae;

82 2157 131 2196 neo
140 2158 198 2196 mea
207 2141 346 2198 mortiferis
356 2141 444 2198 iniecit
452 2141 547 2214 pocula
556 2143 643 2197 succis

119 2213 235 2281 dextera,
246 2233 294 2271 neo
302 2217 427 2288 cuiquam
439 2218 499 2270 trita
508 2233 609 2272 veneno
618 2215 703 2283 dedit;

81 2305 130 2345 neo
139 2305 187 2344 nos
197 2289 336 2362 sacrilegos
345 2289 450 2361 templis
459 2289 627 2345 admovimus
636 2290 725 2362 ignes3

117 2377 166 2418 nec
174 2379 218 2417 oor
227 2363 367 2418 sollicitant
375 2362 441 2417 iacta
450 2360 563 2418 nefanda
572 2379 675 2431 meum;

80 2453 130 2493 neo
141 2453 200 2502 nos,
212 2437 319 2492 insanae
328 2436 482 2492 meditantes
491 2436 578 2510 iurgia
588 2436 704 2511 linguae,

118 2511 201 2582 impia
211 2511 239 2565 in
249 2510 372 2567 adversos
381 2510 511 2566 solvimus
520 2527 566 2566 ora
575 2510 651 2569 deos:

79 2593 106 2642 et
115 2585 235 2641 nondum
244 2585 302 2640 cani
312 2587 403 2660 nigros
413 2584 508 2642 laesere
516 2585 634 2658 capillos,

118 2677 167 2715 nec
174 2661 247 2716 venit
255 2660 329 2717 tardo
338 2677 418 2718 curva
429 2667 530 2718 senecta
542 2660 616 2734 pede.
