2030 3040
217 180 264 231 498
481 171 693 230 PROPERTII

214 285 283 340 Cum
292 299 354 338 sene
364 299 417 338 non
426 281 523 354 puduit
531 281 610 337 talem
619 281 734 338 dormine
744 283 870 355 puellam,

160 371 185 413 2⁰
252 365 277 413 et
285 375 365 413 canae
373 357 449 412 toties
458 356 548 412 oscula
558 356 624 412 serre
638 375 735 412 oomae.

215 433 247 488 At
256 440 286 488 tu
296 432 374 488 etiam
384 433 507 488 iuvenem
518 431 597 487 odisti
606 450 657 498 me,
669 433 778 504 perfida,
791 451 877 506 quum
888 437 927 489 sis

252 509 309 579 ipsa
319 524 387 562 anus
396 505 469 561 haud
479 507 557 581 longa
567 524 647 562 curva
657 506 746 562 futura
759 507 815 562 die:

214 599 300 654 quum
309 581 358 636 tibi
369 598 417 636 neo
425 581 511 646 frater,
524 599 572 636 nec
581 582 616 636 sit
624 582 672 636 tibi
684 581 755 636 filius
764 580 845 647 ullus,

251 655 329 712 frater
338 673 395 730 ego,
408 663 433 710 et
441 657 489 711 tibi
498 657 550 710 sim
561 654 633 711 filius
643 673 715 711 unus
724 673 783 730 ego.

89 734 92 738 ’
160 742 185 784 25
215 733 292 787 Nunc
301 731 379 786 etiam
390 729 497 785 infectos
507 729 616 785 demens
625 731 728 786 imitare
737 731 885 798 Britannos,

252 806 322 860 ludis
332 812 357 860 et
366 812 472 860 externo
482 806 562 860 tincta
571 805 654 860 nitore
666 813 754 876 caput.
922 863 924 867 Α

215 881 265 944 An,
278 881 301 934 si
311 879 429 934 caeruleo
438 879 568 951 quaedam
578 897 626 935 sua
637 887 752 951 tempora
762 879 821 934 fimo

251 955 366 1019 tinxerit,
379 953 475 1008 idciroo
485 953 587 1008 caerula
600 953 683 1008 forma
692 955 762 1009 bona
773 953 830 1008 est?

215 1030 247 1084 Ut
257 1037 350 1084 natura
359 1027 439 1093 dedit,
452 1029 491 1082 sio
499 1030 587 1082 omnis
596 1035 664 1082 recta
673 1029 771 1102 figura:

160 1115 185 1156 30
251 1103 336 1174 turpis
346 1103 463 1158 Romano
472 1101 593 1176 Belgicus
602 1121 646 1158 ore
654 1102 734 1158 color.

214 1178 254 1233 Illi
265 1179 317 1233 sub
326 1179 401 1233 terris
411 1177 476 1233 flant
484 1178 554 1234 mala
563 1178 647 1234 multa
655 1178 766 1251 puellae,

250 1271 319 1326 quae
328 1254 437 1309 mentita
446 1272 509 1310 suas
521 1254 599 1309 vertit
608 1254 695 1326 inepta
704 1269 801 1308 oomas.

213 1330 249 1384 De
258 1347 310 1395 me,
322 1333 361 1384 mi
370 1337 438 1385 certe
447 1329 544 1401 poteris
554 1328 668 1384 formosa
678 1327 771 1393 videri,

250 1408 288 1458 mi
298 1403 410 1460 formosa
420 1412 461 1459 sat
469 1422 505 1469 es,
518 1404 541 1458 si
551 1403 629 1458 modo
638 1421 715 1476 saepe
724 1402 809 1458 veniS.

159 1488 184 1530 35
215 1480 274 1550 Ipse
282 1486 345 1534 tuus
355 1495 459 1550 semper
469 1479 517 1532 tibi
527 1478 560 1532 sit
569 1477 688 1532 custodia
701 1476 792 1542 lectus,

249 1570 298 1607 neo
307 1553 388 1608 nimis
398 1560 488 1608 ornata
497 1551 582 1607 fronto
590 1551 680 1607 sedere
690 1552 763 1608 velis.

213 1626 324 1682 Credam
334 1645 382 1701 ego
392 1627 522 1695 narranti3
544 1625 599 1681 noli
609 1627 770 1682 oommittero
778 1625 889 1682 Famae:

250 1710 274 1756 et
283 1711 379 1757 terram
389 1719 480 1758 rumor
489 1701 610 1766 transilit,
623 1708 647 1756 et
659 1702 751 1756 maria.

462 1827 623 1871 ELEGIA
652 1827 710 1870 XV.

212 1913 275 1974 Etsi
283 1935 326 1972 mo
336 1918 419 1972 invito
428 1917 551 1980 diffidis,
564 1915 688 1987 Cynthia,
701 1916 791 1976 Roma,

250 1992 338 2055 laetor,
349 1989 422 2061 quod
431 1989 488 2041 sine
498 2005 541 2040 me
550 1986 626 2041 devia
636 2003 698 2040 rura
707 1985 781 2040 oolis.

212 2064 308 2120 Nullus
318 2063 367 2117 erit
376 2061 455 2116 castis
465 2060 569 2115 iuvenis
579 2067 715 2130 oorruptor
725 2061 753 2114 in
762 2060 843 2135 agris,

248 2139 296 2210 qui
306 2143 331 2191 to
340 2133 476 2191 blanditiis
486 2151 539 2189 non
550 2133 619 2188 sinat
628 2150 685 2188 esse
694 2135 814 2207 probam.

157 2225 167 2266 5
210 2211 289 2268 Nulla
299 2227 386 2284 neque
395 2217 455 2266 ante
464 2217 523 2266 tuas
532 2209 630 2264 orietur
641 2209 699 2264 rixa
709 2209 843 2275 fenestras,

248 2303 296 2343 neo
305 2288 353 2343 tibi
363 2285 489 2342 clamatae
498 2303 608 2340 somnus
617 2302 723 2340 amarus
733 2286 791 2340 erit.

210 2363 270 2419 Sola
279 2363 340 2429 eris,
352 2368 377 2418 et
386 2361 455 2418 solos
465 2361 603 2434 spectabis,
615 2359 739 2434 Cynthia,
751 2367 862 2427 montes,

247 2446 272 2494 et
279 2457 368 2512 pecus,
380 2443 406 2493 et
415 2437 481 2493 fines
490 2436 614 2509 pauperis
623 2434 760 2510 agricolae.

210 2513 267 2569 Illic
276 2522 301 2570 te
310 2513 378 2571 nulli
390 2520 512 2585 poterunt
521 2527 687 2582 eorrumpere
697 2509 762 2574 ludi,

157 2600 181 2642 10
249 2589 371 2662 fanaque,
382 2588 495 2661 peccatis
504 2586 621 2658 plurima
630 2601 709 2640 causa
721 2585 786 2640 tuis.

210 2664 267 2720 Illic
277 2665 382 2722 assidue
391 2671 480 2720 tauros
490 2662 618 2736 spectabis
628 2667 740 2726 arantes,
