2030 3040
188 145 235 198 ⁴28
409 142 516 198 ALBII
547 143 703 199 TIBULLI

131 259 157 302 2⁰
224 267 256 303 an
267 249 363 314 minor,
376 265 410 304 an
420 256 472 304 toto
481 257 583 321 pectore
591 249 742 305 deciderim.

186 322 237 378 Sed
245 323 363 394 primum
374 324 493 378 meritam
504 323 581 396 longa
591 324 683 379 donate
693 325 786 392 salute,

223 404 302 468 atquc
314 397 378 451 haec
387 398 522 452 submisso
530 397 609 452 dicite
619 399 698 452 verba
707 415 785 454 sono:

186 471 271 524 »Haec
281 471 329 524 tibi
339 473 381 526 vir
390 471 535 542 quondam,
548 471 715 538 nuncirater‚
730 481 801 529 casta
810 475 916 542 Neaera,

222 544 310 606 mittit,
323 552 356 610 et,
367 545 480 616 accipias
490 563 599 599 munera
610 563 700 616 parva,
716 555 798 620 rogat,

131 627 157 670 25
186 626 264 690 teque
273 619 330 672 suis
341 619 410 673 iurat
418 637 505 674 caram
514 621 808 691 magisessemedullis,

223 709 279 746 sive
292 692 345 747 sibi
354 694 460 758 coniux,
473 695 530 748 sive
538 691 627 748 sutura
637 710 724 764 soron

185 766 230 820 sed
241 767 329 837 potins
337 767 444 821 coniux.
484 767 569 820 Huius
579 783 653 837 spem
664 769 779 824 nominis
788 767 828 824 illi

224 838 321 895 auferet
329 841 444 895 extincto
452 840 551 912 pallida
561 841 627 896 Ditis
637 859 736 914 aqum

444 968 604 1011 specle
634 969 669 1012 11.

186 1047 245 1123 Qui
255 1057 358 1128 primus
368 1074 455 1112 caram
465 1058 555 1114 iuveni
565 1075 710 1132 carumque
720 1059 821 1133 puellae

222 1132 318 1203 eripuit
328 1133 461 1198 iuvenem,
474 1132 573 1188 ferreus
582 1134 627 1188 illc
636 1133 695 1188 fuit.

184 1207 272 1261 Durus
282 1214 307 1260 ct
317 1206 428 1272 incinit,
440 1209 488 1279 qni
499 1215 601 1263 tantum
611 1207 677 1262 serre
686 1207 809 1272 dolorem,

223 1281 311 1335 vivere
321 1288 345 1335 ct
353 1290 438 1353 erepta
449 1286 561 1356 coniuge
572 1285 620 1355 qui
630 1283 723 1354 potuit.

131 1365 142 1406 5
184 1355 242 1409 Non
253 1371 301 1427 ego
312 1354 405 1412 firmus
415 1357 443 1412 in
454 1357 511 1419 hcc.
524 1374 577 1413 non
587 1359 651 1412 haec
657 1357 781 1428 patientia
791 1363 879 1413 nostro

222 1429 340 1502 ingenim
361 1429 459 1503 frangit
469 1430 542 1486 fortia
552 1431 630 1486 conda
639 1431 722 1486 dolor.

184 1503 238 1558 Nec
248 1503 314 1557 mihi
326 1522 386 1560 vern
395 1503 468 1574 loqui
478 1504 563 1573 pudor
573 1511 620 1568 est,
633 1509 753 1574 vitaeque
763 1501 835 1557 interi

221 1584 258 1631 tct
268 1577 336 1631 mala
346 1593 482 1648 perpessae
494 1576 577 1630 taedia
587 1584 648 1630 nata
657 1592 740 1630 meac.

184 1650 254 1724 Ergo
262 1668 348 1723 quum
357 1658 461 1704 tenuem
470 1647 544 1704 suem
553 1655 671 1704 mutatus
681 1649 709 1702 in
719 1648 852 1712 umbram,

130 1735 156 1776 cc
222 1724 543 1795 candidaquccssasupcr
553 1722 629 1796 nigra
639 1721 728 1778 favilla
738 1729 815 1796 teget,

184 1807 243 1853 ante
252 1814 342 1852 meum
352 1796 448 1859 veniat,
461 1794 552 1868 longos
562 1799 676 1852 incomta
684 1796 802 1867 capillos,

220 1879 245 1924 ct
253 1870 311 1924 fleat
320 1877 379 1923 ante
389 1885 479 1924 mcum
488 1877 586 1924 moesia
595 1871 693 1924 Neaera
705 1885 813 1942 rognm3

183 1944 229 1999 ead
240 1943 327 1998 veniat
336 1958 410 1996 carae
418 1942 511 1996 matris
520 1945 640 1997 comitata
651 1941 753 2010 dclcrc3

219 2023 332 2070 moereat
341 2014 405 2069 haec
412 2031 517 2087 genero,
530 2023 643 2070 moereat
652 2014 697 2070 illa
706 2017 775 2072 viro.

129 2101 154 2144 ¹5
183 2088 312 2145 Praefatae
322 2095 381 2142 nntc
390 2105 463 2144 meos
472 2090 571 2153 Manes,
583 2089 754 2161 animamque
762 2097 889 2161 precatae,

219 2161 391 2234 perfusaeque
399 2162 458 2235 pias
468 2170 527 2218 ante
536 2163 638 2235 liquore
646 2180 751 2230 manus.

181 2254 243 2307 pars
252 2253 320 2308 quac
329 2235 384 2293 scln
395 2238 447 2292 mci
457 2238 591 2310 superabit
600 2237 723 2309 corporis.
735 2255 794 2294 cesa

221 2312 348 2368 incinctae
357 2312 433 2386 nigra
443 2312 554 2368 candida
565 2320 635 2368 vecte
644 2311 744 2386 legant3

182 2393 208 2440 et
217 2385 334 2457 primum
343 2403 442 2444 annoso
451 2394 575 2461 spargent
586 2386 692 2442 collecta
700 2387 799 2460 Lyae03

128 2468 154 2512 2ο
221 2477 284 2515 mox
293 2461 374 2518 etiam
382 2462 460 2517 niveo
469 2461 579 2518 fundere
589 2459 652 2516 laon
661 2466 762 2532 parent,

183 2543 241 2607 post
251 2534 314 2589 hacc
322 2535 453 2591 carbaseis
462 2535 601 2592 humorem
611 2534 700 2592 tollere
709 2534 781 2599 linis.

219 2617 298 2682 nepae
309 2610 338 2666 in
348 2627 493 2668 marmoren
502 2627 599 2684 ponere
607 2609 675 2669 sicca
685 2609 772 2665 domo.
