2028 3034
216 176 249 227 34
502 171 673 226 CATULLI

254 297 325 334 nunc
338 280 365 334 in
378 279 526 351 quadriviis
538 289 564 334 et
575 280 719 353 angiportis

162 366 173 406 5
253 353 341 430 glubit
353 355 538 428 magnanimos
551 354 625 408 Remi
639 362 754 426 nepotes.

343 499 414 544 mx.
437 501 484 544 DE
499 501 597 544 ΚΜΔ
613 502 660 544 ΕΤ
676 501 830 546 nuncto.

292 582 471 646 Bononiensis
484 591 552 646 Rufa
564 589 694 646 Rufulum
706 589 786 658 fellet,

253 682 322 721 uxor
334 667 448 731 Meneni,
463 683 540 737 saepe
552 683 634 737 quam
647 666 675 719 in
688 665 841 737 sepulcretis

254 740 359 794 vidistis
372 741 430 810 ipsc
442 757 532 810 rupere
545 740 577 794 de
590 756 652 814 rogo
664 755 782 806 coenam,

254 832 340 886 quum
353 813 507 869 devolutum
520 831 553 868 ex
567 815 628 887 igne
640 830 803 887 prosequens
816 832 910 887 punem

255 890 288 945 nb
301 889 427 944 semiraso
439 888 593 944 tunderetur
607 895 703 943 ustoru.

507 1034 672 1077 LX.¹··

291 1116 370 1182 Num
383 1135 407 1182 to
420 1126 509 1182 leoena
522 1127 658 1182 montibus
671 1127 825 1202 Libystinis,

254 1209 301 1256 aut
313 1201 401 1276 Scylla
414 1201 512 1258 latrans
525 1201 616 1256 infima
629 1202 773 1275 inguinum
786 1209 867 1273 purte,

254 1283 309 1330 tam
322 1285 409 1334 mente
421 1277 487 1334 dura
500 1278 646 1349 procreavit
657 1293 688 1331 uo
699 1284 773 1339 tetro,

255 1359 285 1405 nt
297 1351 425 1424 supplicis
437 1370 528 1408 vocem
542 1353 569 1407 in
584 1352 730 1407 novissimo
741 1367 804 1405 essu

163 1437 175 1477 5
255 1434 412 1481 contemtum
426 1427 544 1491 haberes
560 1427 593 1480 nh
607 1427 688 1480 nimis
701 1425 755 1479 fero
767 1423 861 1478 corde‘?

247 1570 319 1612 uxi.
342 1569 382 1612 IN
396 1567 565 1612 NUPTlns
584 1567 715 1611 luunt:
731 1566 779 1610 ET
793 1566 936 1612 MANLH.

348 1651 435 1714 Collis
447 1675 464 1713 o
475 1656 603 1714 Heliconii

347 1733 440 1798 cultor,
454 1734 566 1788 Uraninc
577 1749 672 1807 genus,

348 1809 395 1880 qui
410 1808 480 1879 rapis
492 1816 608 1862 teneram
622 1807 656 1862 ad
667 1809 757 1863 virum

349 1883 494 1954 Virginem,
506 1899 525 1936 o
537 1883 686 1954 Hymenaee
698 1881 811 1951 Hymen,

385 1959 487 2027 Hymen
501 1971 517 2009 ο
530 1956 691 2027 Hymenaee:

348 2082 424 2152 cinge
436 2088 552 2148 tempora
565 2075 674 2131 floribus

348 2152 522 2209 suaveolentis
534 2151 657 2207 amaraci.

346 2228 513 2284 Flammeum
526 2243 602 2298 cape:
625 2224 707 2280 laetus
720 2224 784 2286 hnc,

348 2305 402 2359 huc
415 2303 485 2368 veni,
500 2301 578 2357 niveo
589 2317 684 2374 gerens

391 2378 490 2434 luteum
503 2377 569 2449 pede
581 2393 701 2445 soccum

348 2503 502 2576 uncinisque
514 2499 593 2556 hilari
605 2499 656 2565 die,

348 2576 475 2649 nuptialia
487 2575 628 2631 concinens

349 2669 412 2707 voce
423 2652 540 2706 cni-minu
552 2650 665 2710 tinnulo,
