2030 3040
219 165 290 218 LIB.
312 166 332 220 1.
361 165 475 220 ELEG.
497 165 580 224 XXI.
602 167 700 221 XXII.
783 173 831 224 ⁴75

124 271 225 326 roscida
233 271 341 326 desemis
350 289 428 343 poma
437 273 489 327 sub
498 273 649 328 arboribus:

84 352 110 399 et
119 345 219 400 circum
228 347 328 419 irriguo
336 347 480 420 surgebant
488 347 543 402 lilia
552 355 625 418 prato

4 481 5 488 χ
123 418 234 475 candida
243 421 384 492 purpureis
392 423 476 476 mixta
487 423 676 494 papaveribus3

84 511 153 565 quae
162 494 240 550 modo
249 495 390 566 decerpens
399 503 486 551 tenero
494 495 629 568 pueriliter
639 500 732 570 ungui,

121 569 253 640 pmpcsito
263 569 352 645 florem
361 569 483 641 praetulit
491 570 585 636 officio,

84 652 108 696 et
117 642 196 698 modo
204 641 326 698 formosis
335 645 492 700 incumbens
502 646 606 700 nescius
617 646 695 699 undis

121 733 233 772 errorem
242 717 348 772 blandis
357 719 440 774 tardat
449 719 621 793 imaginibus.

84 791 200 847 Tandem
209 793 315 847 haurire
323 801 397 864 purat
405 792 528 848 demissis
538 793 647 849 flumina
656 795 752 866 palmis

122 866 662 939 iunixusdextrcplenatrahenshumero.

84 939 166 995 Cuius
175 949 205 996 ut
214 956 335 997 accensae
344 942 460 1016 Dryades
472 943 584 999 caudore
592 944 694 1016 puellae

121 1015 228 1070 miratae
237 1016 325 1071 solitos
337 1016 477 1073 destituere
485 1019 586 1083 choros,

82 1088 234 1161 prolapsum
244 1089 334 1147 leviter
342 1091 412 1146 facili
422 1099 522 1148 traxere
531 1094 645 1165 liquore:

120 1170 176 1218 tum
185 1166 302 1220 sonitum
311 1174 384 1236 rapto
394 1183 499 1238 corpore
507 1166 567 1221 fecit
577 1167 668 1240 Hylas.

83 1237 132 1291 Cui
140 1239 231 1309 procul
240 1238 345 1294 Alcides
357 1240 431 1294 iterat
439 1258 577 1312 respousa:
599 1241 693 1294 sediili

120 1329 215 1368 nomeu
225 1313 259 1368 ab
268 1315 392 1368 extremis
401 1313 518 1368 fontibus
530 1332 593 1368 aura
602 1313 687 1368 refert.

82 1386 137 1450 His,
149 1385 257 1451 oGalle‚
271 1394 329 1442 tuos
338 1387 445 1442 monitis
454 1387 573 1442 servabis
582 1403 692 1449 amores,

3 1497 5 1624 >
118 1458 263 1516 formosum
275 1462 408 1535 Nymphis
419 1462 523 1518 credere
532 1468 605 1516 tutus
614 1460 710 1534 Hylan.

318 1590 480 1633 suscls
510 1589 585 1632 xxi
684 1574 685 1577 ’

82 1670 140 1742 Tu,
152 1680 199 1750 qui
209 1688 354 1733 musonem
363 1695 486 1750 properes
496 1679 605 1735 evadere
613 1696 713 1743 cesum,

118 1752 202 1814 miles,
214 1753 248 1806 ab
256 1753 375 1806 Etruscis
383 1753 490 1807 saucius
500 1753 641 1826 aggeribus

81 1825 148 1897 quid
156 1833 245 1882 nostro
253 1827 354 1901 gemitu
364 1827 494 1900 turgentia
504 1826 606 1882 lumine
616 1826 740 1900 torques?

118 1901 180 1954 Pars
189 1917 238 1974 ego
246 1918 307 1956 sum
317 1909 417 1957 vestrae
426 1901 545 1974 proxima
559 1901 676 1956 militiae.

80 1973 123 2028 Sic
131 1984 156 2029 te
165 1983 266 2030 servato
275 1977 379 2047 possint
384 1976 498 2050 gaudere
506 1985 634 2048 parentes,

117 2049 180 2104 haec
189 2067 261 2105 soror
273 2058 329 2105 ecla
337 2052 389 2105 tuis
398 2052 491 2106 sentiet
499 2069 514 2108 e
523 2051 647 2116 lacrimis,

79 2122 196 2189 Gallum,
206 2141 254 2196 per
262 2125 362 2180 medios
371 2133 489 2196 ereptum
498 2126 616 2182 Caesaris
626 2143 710 2191 enses,

115 2197 228 2271 effugere
237 2200 340 2272 ignotas
349 2217 402 2255 nou
412 2201 527 2271 potuisse
538 2219 644 2266 manus,

78 2281 103 2325 et
112 2288 285 2346 quaecunque
295 2291 373 2344 super
382 2274 500 2346 dispersa
510 2276 639 2331 invenerit
647 2292 706 2331 ossa

117 2347 250 2402 montibus
260 2348 386 2414 Etruscis,
397 2349 462 2404 haec
470 2350 534 2404 sciat
543 2367 600 2404 esse
609 2367 677 2404 mee.

307 2484 467 2528 susum
496 2484 590 2528 xxlr.

78 2566 217 2641 Qualis,st
226 2575 296 2632 uude
305 2594 399 2651 genus,
411 2577 459 2651 qui
469 2577 522 2632 sint
531 2577 819 2652 mihi‚Tulle‚penateS,

113 2652 217 2723 quaeris
226 2669 275 2724 pro
285 2660 372 2708 nostra
382 2669 485 2726 semper
494 2653 617 2708 amicitia.
