2040 3030
181 120 231 174 202
445 115 655 171 PROPERTH

217 231 242 279 01
250 223 364 298 Phrygis
374 223 480 279 insenos
490 223 606 280 caeditur
615 223 649 280 ed
658 225 800 280 numerosi

181 299 330 371 Unicuique
338 297 411 353 dedit
420 299 516 354 vitium
525 307 616 354 nature
627 307 725 354 necto:

217 377 256 427 ml
267 380 368 439 nemra,
378 372 481 445 aliquid
491 391 594 445 semper
603 391 698 439 emere,
710 373 790 429 dedit.

180 448 222 502 Me
231 446 324 502 licetet
332 447 479 510 Themvree
488 448 600 503 cauieris
610 447 823 521 fetssequentur‚

126 531 152 574 10
219 539 358 593 nunquam
368 522 402 577 ed
410 510 545 588 formosas,
558 523 655 588 invide,
667 539 759 579 caecus
768 539 821 578 ere.

181 595 240 660 Sed,
252 596 300 650 tibi
309 596 333 650 si
345 595 426 652 exiles
436 597 526 652 videor
535 603 657 652 tenuatus
667 597 694 652 in
706 605 786 663 artus,

217 668 327 726 felleris:
348 669 549 744 heudunquem
558 670 674 726 estcuite
685 670 772 727 labere
781 672 881 729 Venus.

180 743 411 799 Perecnterelicei:
432 762 509 816 saepe
518 745 767 817 estcxpertepuclls

217 817 333 872 officium
343 825 394 873 1010
404 825 477 873 nocte
487 817 572 874 velere
581 837 681 874 meum.

126 901 151 944 25
181 892 296 964 luppiter
305 890 445 947 Alcmenae
453 893 572 965 gemines
581 894 743 967 requieverat
752 892 850 958 Areus,

101 1003 103 1006 -
217 963 353 1020 eteoclem
363 973 440 1020 noctu
450 967 492 1020 bis
502 967 559 1020 sine
615 967 701 1022 eiuit:

181 1057 229 1095 nec
237 1039 594 1112 tumenidcirecianguense
622 1041 735 1096 fulmina
747 1042 829 1097 venii.

218 1112 314 1168 Nullus
326 1131 400 1168 emur
409 1114 478 1169 vires
487 1115 565 1187 eripit
574 1116 630 1188 ipse
640 1134 712 1171 suus.

180 1186 269 1255 Quid?
286 1205 372 1259 quum
381 1205 396 1244 e
405 1188 543 1261 complexu
552 1191 682 1246 Briseidos
694 1191 743 1244 iret
751 1189 875 1255 Achilles.

126 1272 152 1314 30
220 1279 286 1318 num
295 1261 387 1337 fugere
395 1265 486 1318 minus
495 1265 619 1320 Thessala
629 1266 679 1320 tels
688 1263 824 1338 Phryges?

180 1335 269 1404 Quid?
285 1336 357 1393 ierus
365 1339 563 1395 Andromachae
576 1339 640 1396 lecte
648 1357 734 1413 quum
748 1345 865 1412 surgeret
874 1340 925 1394 He-

419 1443 422 1449 ·
672 1421 734 1478 etur,

218 1484 285 1540 belle
296 1486 450 1562 Mycenaeae
460 1504 512 1542 non
523 1488 633 1542 timuere
643 1486 728 1542 retes?

182 1557 227 1613 ille
238 1559 278 1615 vel
288 1560 333 1614 hic
342 1560 438 1616 classes
447 1568 553 1632 poterat,
566 1560 608 1615 vei
617 1561 725 1632 perdere
735 1577 835 1615 muros.

217 1635 266 1688 Hic
274 1651 323 1708 ege
332 1634 442 1701 Pelides,
455 1636 499 1690 hic
508 1634 579 1690 serus
589 1636 680 1690 Hector
689 1651 747 1708 ege.

127 1717 152 1760 15
181 1707 293 1780 Adspice
303 1710 342 1764 uti
352 1709 423 1765 ecelo
432 1709 510 1765 mede
519 1709 557 1764 sel
567 1709 646 1764 mede
655 1709 719 1765 lune
728 1709 870 1777 ministret3

217 1784 428 1838 sicetiemnobis
438 1783 692 1855 unapuelleperum
702 1790 749 1837 est.

180 1855 267 1911 Altera
276 1874 320 1911 me
328 1857 432 1926 cupidis
442 1865 526 1910 teneat
534 1856 671 1926 foveatque
681 1854 792 1918 lacertis,

217 1929 294 1983 ultera
305 1927 445 2000 siquando
454 1945 507 1981 ncn
517 1927 580 1980 sinit
588 1943 645 1980 esse
655 1927 751 1989 locum,

180 2011 233 2066 001,
245 2004 268 2055 si
277 2000 342 2055 ferte
350 2001 415 2054 irate
425 2016 483 2052 meo
492 2000 527 2052 sit
535 1999 600 2052 fectu
609 1999 738 2062 ministre,

125 2084 152 2130 10
218 2081 248 2129 ut
256 2073 320 2127 sciet
329 2087 385 2125 esse
395 2071 483 2136 eiiam,
495 2088 564 2144 quee
572 2071 778 2127 velitessemee.

180 2151 247 2203 Nem
257 2144 831 2213 meliusduedefenduntretinuculenavem,

216 2221 298 2276 tutius
308 2228 333 2276 et
341 2221 461 2296 gemines
470 2221 549 2278 anxie
558 2229 640 2278 meter
649 2222 704 2279 alit.

180 2369 241 2435 Aut,
253 2370 276 2424 si
287 2387 315 2426 es
326 2370 401 2437 dure,
413 2389 431 2426 n
487 2391 494 2428 ε
514 2373 557 2428 sin
566 2389 594 2428 es
604 2387 656 2428 nun
667 2371 742 2437 dure,
754 2370 853 2428 venite.

217 2445 288 2512 Quid
298 2446 372 2502 iuvet
380 2445 408 2501 in
418 2463 455 2502 nu
468 2446 492 2503 10
501 2464 596 2518 ponere
605 2446 685 2503 verbe
697 2445 771 2503 loco?

126 2529 152 2575 15
181 2522 229 2576 Hic
239 2539 310 2577 unus
320 2520 393 2576 dclcr
402 2529 441 2575 est
450 2539 483 2577 ex
492 2523 617 2578 omnibus
626 2521 800 2587 decrementi,

218 2597 332 2669 speranti
341 2596 429 2652 subite
437 2597 462 2650 si
471 2613 524 2670 que
533 2597 622 2654 venire
634 2602 721 2672 negat,
