2020 3036
250 180 459 238 CARMINUM
478 184 604 237 LIBER.
768 189 794 237 at

97 299 120 346 et
128 298 312 345 mutumu
314 308 418 362 requam
429 290 605 362 alloquerer
583 308 706 356 eruerem

61 308 383 450 quandoquidemeiortuna
394 367 459 418 milri
472 373 521 419 tete
530 364 654 419 abstulit
646 383 744 436 lpsum
843 378 854 418 5

97 440 146 493 heu
156 455 237 492 miser
245 437 354 511 rndrgne
364 439 441 493 irater
450 439 550 493 adeunte
560 439 637 492 mihi

63 517 135 568 Nune
142 521 228 566 tamen
240 513 345 576 interea,
357 513 442 583 prison
452 530 520 584 quae
530 530 601 566 more
609 521 748 582 parentum

97 586 185 642 tradita
196 593 259 640 sunt
268 587 352 640 tristoe
363 603 470 641 munera
482 586 515 641 ad
526 587 641 651 inferias,

62 663 144 733 aocipe
151 660 263 714 fraterno
272 659 385 714 multum
397 661 528 716 manantia
538 660 609 725 lietu,

97 745 172 806 atque
181 735 207 788 in
219 742 384 806 perpetuum,
397 734 482 799 lrater‚
496 737 562 789 have
572 745 651 807 atque
660 735 727 790 vale.
831 747 855 788 to

244 879 285 920 Cl.
315 880 360 921 An
388 879 610 923 CORNELIUM.

62 962 93 1024 Si
104 970 245 1042 quioquam
255 970 331 1023 tacito
340 971 511 1024 commissum
520 978 559 1025 est
568 971 620 1025 lido
630 973 662 1026 ab
673 973 766 1036 amieo,

96 1045 191 1115 quoius
201 1043 235 1096 sit
243 1043 349 1114 penitus
359 1053 419 1098 nota
429 1044 493 1099 tides
504 1046 585 1100 animi
596 1067 600 1098 :

60 1135 102 1171 mo
111 1135 191 1189 aeque
201 1135 257 1171 esse
267 1117 385 1173 invenies
395 1117 501 1174 illorum
512 1120 568 1174 iuro
577 1128 717 1183 sacratum,

96 1190 206 1254 Corneli,
218 1199 242 1246 et
252 1189 348 1246 lautum
359 1210 401 1246 me
411 1210 467 1247 esse
477 1202 538 1264 puta
549 1195 741 1264 Harpocratem.

71 1372 73 1377 .
264 1320 322 1362 011.
351 1320 398 1362 au
423 1319 592 1363 suonam.

60 1403 118 1465 Aut
125 1409 201 1464 sodes
211 1410 277 1464 mihi
287 1409 366 1464 redde
375 1410 464 1465 deoern
474 1411 598 1476 suartio,
611 1410 674 1476 sito,

94 1484 189 1539 deinde
197 1491 252 1539 esto
260 1485 385 1556 quamvis
394 1502 488 1541 saevus
498 1493 523 1540 et
532 1485 689 1540 indomitus:

57 1567 110 1623 aut,
124 1558 147 1612 si
157 1565 181 1613 te
191 1558 295 1612 nummi
304 1557 438 1623 delectant,
449 1558 539 1615 desine
551 1577 650 1632 quaeso

95 1632 153 1687 leno
163 1650 229 1697 esse,
241 1641 319 1704 atque
330 1632 397 1688 idem
408 1651 502 1688 saevus
512 1640 537 1689 et
547 1635 700 1689 indomitum

133 1759 207 1803 0111.
232 1761 277 1802 ΑΙ]
303 1760 485 1810 QUENDAM
511 1760 555 1803 DE
582 1761 720 1804 uusnln.

56 1843 163 1914 Credis,
176 1868 218 1904 me
231 1851 347 1922 potuisse
357 1868 429 1906 meae
438 1851 591 1906 maledieure
600 1851 675 1913 vitae,

93 1925 224 1978 ambobus
233 1925 299 1978 mihi
309 1943 378 1996 quae
386 1926 469 1981 carior
478 1934 516 1980 eat
525 1925 626 1981 ooulisl

54 2001 113 2054 Non
125 2000 213 2070 potui:
225 2015 281 2064 neo,
294 2001 316 2053 si
327 2015 440 2071 possem,
450 2007 502 2054 tam
513 2001 612 2072 perdite
621 2018 747 2054 amarem.

90 2073 144 2127 Sed
154 2080 209 2137 tua,
221 2073 330 2144 Coponi,
346 2074 467 2138 erimina,
480 2083 566 2130 nostra
580 2075 652 2130 lacis.

247 2201 312 2244 etv.
335 2201 373 2244 ΙΝ
394 2202 610 2246 nrnNTULant.

50 2283 180 2346 Mentula
191 2301 299 2346 conatur
310 2289 457 2364 Pimpleam
466 2293 590 2348 scandere
599 2299 726 2348 montem:

89 2367 185 2420 Musae
195 2365 305 2421 furcillis
314 2367 480 2438 praecipitem
491 2368 608 2421 eiioiunt.

151 2494 203 2534 CV.
230 2494 274 2536 DE
295 2495 414 2537 annuo
435 2495 481 2536 ΕΤ
504 2493 707 2536 PRAECilNE.

48 2577 128 2640 Cum
140 2601 225 2656 puero
234 2583 303 2638 bello
312 2601 464 2655 praeconem
474 2585 520 2656 qui
533 2583 602 2638 videt
611 2603 676 2648 esse,

86 2659 267 2790 ffiffedat'
281 2659 331 2712 nisi
342 2675 370 2713 se
380 2659 491 2714 vendere
501 2658 657 2787 discupere}
