2040 3030
17 609 26 950 l

245 141 317 196 LIB.
338 141 376 195 11.
405 140 521 196 ELEG.
542 141 659 197 XXIII.
775 147 825 200 2⁴5

77 249 168 318 Nuper
176 247 248 302 enim
257 247 435 303 detenostras
445 265 488 302 me
497 247 576 302 laedit
585 249 619 302 ad
628 267 704 304 aures

114 339 214 385 rumor,
227 323 289 376 etin
300 329 351 377 tota
361 339 413 376 nou
423 322 511 376 bonus
521 323 587 376 urba
596 321 655 375 fuit.

77 394 129 450 Sed
139 403 169 450 tu
179 412 230 450 non
241 395 320 450 debes
330 396 453 450 inimicae
464 395 553 450 eadere
564 395 684 469 linguae:

115 487 218 540 semper
227 468 349 524 formosis
358 469 447 525 fabula
457 487 540 541 poena
550 469 609 524 fuit.

78 545 135 597 Non
147 551 191 596 tua
200 543 328 614 deprenso
336 543 459 598 damnata
469 553 508 598 est
517 543 586 599 lama
598 561 707 600 veneno.

115 618 199 671 Testis
208 618 260 672 eris
269 633 359 688 puras.
372 617 485 674 Phoebe.
497 617 587 672 videre
595 635 702 674 manus.

77 691 122 745 Sin
132 699 220 745 autem
230 691 309 765 longo
318 707 372 746 nox
382 709 436 746 uua
445 700 491 746 aut
500 692 579 747 altera
590 691 652 747 lusu

114 774 251 820 nonsumta
260 775 307 831 est,
320 783 373 820 non
383 782 426 820 me
435 766 546 820 erimina
557 776 763 837 parvamovent.

77 842 127 894 ista
137 857 211 894 senes
222 838 281 894 lieet
289 848 411 896 accusent
419 841 542 896 convivia
551 840 625 906 duri;

114 931 161 968 nos
171 914 249 969 modo
257 915 429 986 propositum,
442 916 503 980 vita,
515 922 630 972 teramus
640 916 697 972 iter.

77 986 186 1042 illorum
196 989 313 1061 antiquis
323 988 482 1046 onerenturl
518 990 579 1046 'bus
588 1007 678 1045 aures:

112 1061 157 1116 hio
167 1062 239 1117 loeus
248 1071 295 1128 est,
308 1064 336 1118 in
346 1081 409 1136 qun,
421 1065 485 1119 tibia
512 1073 578 1130 oeta,
590 1083 679 1134 sones3

76 1153 144 1208 quae
153 1153 206 1192 non
217 1138 274 1192 iure
283 1138 351 1192 vado
360 1139 493 1194 Maeandri
505 1140 569 1195 iacta
579 1141 681 1204 nausti,

113 1211 199 1281 turpia
209 1228 296 1281 quum
305 1210 399 1265 faceret
407 1211 521 1266 Palladis
531 1230 575 1267 ora
584 1222 681 1268 tumor.

76 1283 206 1358 Tyndaris
214 1293 321 1338 externo
331 1285 443 1354 patriam
454 1287 566 1340 mutavit
575 1304 662 1341 amore

112 1366 137 1412 et
147 1358 205 1412 sine
214 1356 315 1411 decreto
324 1358 385 1411 viva
395 1357 501 1412 reducta
510 1358 620 1412 domum
630 1367 677 1413 ast.

75 1436 133 1504 ipsa
143 1431 241 1496 Venus,
253 1431 378 1503 quamvis
388 1440 508 1502 oorrupla
519 1431 629 1486 libidine
638 1435 736 1497 Martis,

112 1525 164 1562 non
174 1506 264 1561 minus
274 1507 302 1560 iu
312 1505 383 1561 eaelo
392 1523 496 1577 semper
504 1505 612 1561 honesta
621 1505 683 1570 luit3

73 1582 199 1653 quamvis
208 1582 254 1636 lda
265 1581 351 1636 Parim
362 1589 491 1652 pastorem
501 1580 570 1634 dieat
579 1598 689 1644 amasse,

110 1663 190 1726 atqua
200 1656 266 1709 inter
275 1655 390 1726 penades
400 1655 554 1710 secubuisse
563 1655 652 1710 deam:

74 1730 123 1784 hoc
132 1737 157 1782 et
166 1728 381 1803 Hamadryadum
391 1730 516 1801 spectavit
526 1729 601 1783 turba
612 1746 740 1794 sororum,

111 1802 246 1875 Silenique
255 1821 339 1869 senes,
351 1811 376 1858 et
384 1812 457 1875 pater
466 1804 522 1875 ipse
531 1803 612 1868 chori,

73 1895 135 1933 eum
144 1878 244 1949 quibus
254 1878 330 1934 idaeo
339 1878 424 1952 legisti
434 1895 511 1950 poma
522 1878 667 1940 subsanno,

110 1954 244 2024 supposita
253 1954 396 2025 excipiens,
409 1954 467 2018 Nai,
479 1952 576 2008 caduca
586 1969 678 2008 manu.

73 2033 114 2081 An
124 2028 268 2099 quisquam
279 2029 307 2084 in
318 2037 388 2084 tauto
397 2035 548 2100 stuprorum
557 2028 679 2083 examine
688 2028 798 2099 quaerit,

109 2102 248 2157 anurhaee
257 2111 310 2158 tam
323 2103 416 2159 dives?
434 2104 496 2175 quis
506 2101 595 2157 dedit?
613 2101 800 2156 undededit‘l«

73 2174 430 2232 Onimiumnostmfelioem
440 2177 686 2247 temporeilomam‚

109 2249 133 2301 si
143 2257 230 2303 eontra
240 2267 326 2304 mores
334 2269 388 2305 una
397 2250 485 2320 puella
494 2250 567 2304 lacit!
833 2262 870 2303 1⁰0

21 2342 26 2353 ²
72 2323 140 2378 Haec
148 2323 239 2378 eadem
249 2332 309 2378 anta
318 2323 392 2378 illam
401 2325 511 2394 impune
520 2331 545 2377 et
554 2323 648 2379 Lesbia
658 2322 727 2378 lacit.

108 2395 181 2463 Quae
190 2398 320 2470 sequitur,
331 2406 398 2454 ωηο
407 2407 446 2452 est
456 2397 586 2453 invidiosa
595 2397 695 2452 minus.

70 2470 123 2538 Qui
132 2472 236 2543 quaerit
245 2472 331 2528 Tatios
343 2479 440 2528 veteres
448 2472 581 2544 durasque
590 2471 710 2538 Sabinas,

106 2545 151 2600 hie
159 2548 248 2618 posuit
257 2555 343 2602 nostra
354 2565 438 2620 nuper
448 2548 476 2602 in
485 2547 551 2601 urbe
560 2545 662 2618 pedem.

70 2621 110 2675 Tu
120 2621 195 2692 prius
204 2630 230 2676 st
239 2620 334 2678 lluotus
343 2623 441 2694 poteris
450 2623 547 2678 sineere
557 2622 682 2688 marinos,
831 2631 869 2674 ¹⁰5
