2030 3040
267 133 339 188 LIB.
359 135 397 188 11.
427 133 542 190 ELEG.
564 135 628 188 Vll.
776 137 825 188 {87

113 239 265 311 adpositum
275 239 350 296 flavis
360 241 389 295 in
399 239 530 296 Simoente
540 239 625 305 vedis,
854 254 878 295 50

70 313 244 386 foedavitque
253 331 349 380 eomas,
361 322 386 369 et
395 315 460 369 tanti
470 332 565 386 eorpus
573 314 693 380 Achillei,

113 389 287 461 meximeque
296 390 324 443 in
334 406 417 460 parva
425 389 533 444 sustulit
541 406 600 444 osse
611 406 706 456 menu;

71 480 164 536 quum
175 463 223 517 tibi
234 480 282 518 nee
291 462 383 517 Peleus
393 462 489 528 ederat,
501 479 550 518 nee
558 463 659 519 caerula
670 472 761 530 mater,

113 537 207 610 Scyria
216 555 263 592 nee
273 537 353 591 viduo
363 536 499 592 Deidamia
507 545 572 593 tero.

72 612 153 666 Tune
162 612 243 684 igitur
252 611 322 667 veris
331 610 462 685 gaudebat
472 611 581 666 Graecia
590 613 672 667 natis:
853 625 878 666 55

114 692 179 740 tune
188 685 266 740 etiam
275 684 339 740 felix
348 685 416 740 inter
425 693 450 740 et
459 703 532 740 arma
540 685 636 757 pudor.

1 825 2 828 Ἴ
73 759 110 814 At
119 767 150 814 tu
160 777 213 815 non
223 777 276 815 uua
285 760 394 832 potuisti
405 767 478 814 noete
489 777 588 825 vacere,

113 834 205 905 impie,
221 852 274 889 non
283 852 369 890 unum
379 833 434 889 sola
447 851 552 890 manere
560 834 641 890 diem.

74 908 237 974 Quinetiam
247 908 330 964 multo
340 908 453 964 duxistis
463 908 558 981 poeula
567 910 636 964 risu:

114 981 222 1037 forsitan
231 991 255 1037 et
265 983 298 1038 de
306 1001 349 1038 me
360 984 439 1039 verbe
448 982 520 1039 fuere
529 984 608 1040 mela.

74 1055 125 1111 Hie
134 1057 212 1112 etiarn
221 1058 327 1128 petitur,
339 1059 388 1130 qui
400 1065 425 1112 te
433 1060 509 1130 prius
519 1059 575 1130 ipse
585 1059 700 1131 reliquit.

114 1132 146 1185 Dl
155 1130 259 1197 faciant,
272 1133 321 1186 isto
331 1140 405 1204 capte
414 1131 501 1187 fruare
511 1135 578 1188 vire.

75 1204 146 1261 Haeo
154 1205 221 1260 mihi
232 1213 291 1261 vota
300 1212 373 1260 tuam
382 1213 487 1277 propter
496 1215 615 1277 suseepta
625 1206 744 1273 salutem,

115 1297 201 1352 quum
211 1280 294 1350 eapite
303 1279 353 1333 hoe
362 1279 467 1351 Stygiae
477 1281 530 1333 iem
539 1287 688 1350 poterentur
698 1298 793 1352 aquae:

77 1361 102 1409 et
112 1353 208 1409 lectum
218 1352 307 1408 flentes
316 1353 545 1407 circumstaremus
555 1353 646 1408 amici:

115 1428 160 1483 hie
169 1427 216 1483 ubi
227 1435 294 1493 tum,
306 1426 372 1498 proh
383 1425 420 1492 df,
432 1425 541 1498 perfide,
552 1427 651 1499 quisve
659 1426 728 1482 fuit?

77 1503 148 1569 Quid
158 1503 181 1557 si
192 1503 352 1576 longinquos
361 1501 484 1556 retinerer
494 1499 569 1554 miles
578 1500 612 1555 ad
620 1501 716 1568 ludos?

116 1584 160 1633 aut
170 1595 227 1632 mee
240 1579 262 1632 si
272 1584 350 1632 staret
360 1576 436 1631 navis
446 1577 473 1631 in
485 1573 604 1630 Oeeeno?

78 1649 130 1707 Sed
139 1652 215 1707 vobis
224 1650 300 1706 facile
308 1659 347 1705 est
358 1651 435 1706 verba
444 1657 469 1704 et
476 1666 631 1720 componere
639 1649 754 1705 fraudes.

115 1727 170 1780 noe
178 1741 264 1780 unum
274 1724 366 1779 didicit
373 1722 469 1778 femina
481 1740 583 1794 semper
595 1740 672 1794 epus.

78 1801 137 1854 Nou
148 1800 186 1854 sie
195 1799 293 1854 inserto
302 1804 438 1853 mutentur
447 1796 553 1852 flamine
562 1796 660 1872 Syrtes,

116 1889 164 1928 neo
172 1871 234 1928 folia
243 1873 355 1928 hiberno
364 1879 418 1927 tam
431 1871 576 1928 tremefacta
586 1873 660 1938 Note,

79 1948 219 2020 quamcito
228 1946 340 2004 feminee
350 1964 402 2003 non
413 1954 513 2003 oonstat
522 1945 613 2002 foedus
623 1948 651 2002 in
662 1947 709 2012 ira,

115 2022 172 2079 sive
180 2040 210 2078 ea
218 2040 296 2078 eausa
305 2023 404 2097 gravis,
417 2022 474 2076 sive
483 2039 512 2078 ea
522 2039 600 2077 eausa
610 2020 686 2078 levis.

80 2097 156 2152 Nune
165 2098 292 2169 quoniam
302 2098 350 2153 istu
360 2097 409 2152 tibi
418 2096 517 2170 placuit
526 2097 661 2162 sententia,
674 2095 774 2150 eedem.
865 2135 870 2146 .

116 2169 185 2236 Tela,
197 2188 296 2241 preoer,
309 2171 394 2242 pueri,
405 2171 517 2242 premite
525 2177 600 2225 acuta
609 2171 704 2242 magis,

81 2245 151 2318 figite
160 2252 293 2309 uertentes,
306 2252 384 2315 atque
393 2244 462 2299 hanc
471 2245 539 2298 mihi
548 2242 640 2298 solvite
649 2243 745 2298 vitam:

116 2318 225 2392 sanguis
234 2318 283 2373 erit
292 2318 367 2372 vobis
376 2317 493 2371 maxima
501 2317 590 2388 palme
600 2334 684 2371 meus.
713 2326 716 2332 '

80 2393 210 2467 sicigitur
220 2392 305 2464 prima
315 2391 425 2446 moriere
435 2398 523 2457 aetate,
537 2389 671 2462 Properti?

116 2467 166 2524 Sed
176 2484 289 2522 morere:
311 2466 417 2522 interitu
425 2465 538 2540 gaudeat
547 2464 593 2521 illa
604 2472 657 2520 tuo.

1 2579 2 2596 i
81 2543 197 2616 Exagitet
207 2549 307 2598 nostros
317 2558 417 2607 manes,
429 2547 539 2596 sectetur
548 2547 573 2596 et
581 2540 699 2606 umbras¹

116 2617 274 2689 insultetque
283 2617 363 2690 rogis,
376 2615 456 2672 caleet
465 2623 490 2671 et
499 2632 558 2671 ossa
568 2632 635 2670 mea.
