2030 3036
198 164 230 216 32

486 165 656 220 CATULLI

234 269 256 322 si
271 285 323 323 non
336 270 434 334 omnia,
449 270 587 342 displicere
599 272 694 327 vellem

235 343 281 396 tibi
295 351 320 396 et
332 343 447 399 Fuffecio
459 345 515 400 seni
529 354 638 402 remma.

235 483 346 546 lraseere
359 493 454 546 iterum
467 495 533 549 meis
547 495 643 550 iambis

234 565 442 644 immerentibus,
458 569 535 624 uniee
546 571 696 641 imperator.

384 695 445 738 Lv:
467 697 514 740 dl)
545 695 747 740 CAMERIUM.

271 775 401 852 Oramus,
416 787 439 840 si
452 786 517 842 sorte
529 804 582 842 non
593 786 732 842 molestum
743 798 790 854 ast,

233 858 402 926 demonstras,
418 861 465 916 ubi
477 863 532 916 sint
543 870 603 916 tuae
616 863 744 918 tenebrae.

233 934 269 987 Te
281 933 380 1004 Campo
389 936 570 1006 quaesivimus
581 937 691 1002 minore,

232 1015 256 1060 te
269 1007 297 1062 in
310 1007 394 1073 Ciroo,
409 1017 434 1064 te
447 1011 474 1064 in
487 1011 613 1066 omnibus
626 1011 732 1077 libellis,

233 1089 257 1134 ta
269 1081 297 1135 in
310 1082 407 1154 templo
419 1085 507 1155 superi
521 1085 593 1140 lovis
605 1095 712 1152 sacrato,

232 1155 259 1208 in
273 1155 362 1228 Magni
375 1158 455 1212 simul
468 1159 655 1216 ambulatione.

232 1229 360 1284 Femellas
369 1248 470 1298 omnes,
485 1235 576 1301 amine,
592 1235 694 1307 prendi,

231 1320 299 1374 quas
312 1304 385 1360 voltu
397 1308 452 1362 vidi
466 1315 553 1364 tamen
567 1327 673 1366 sereno:

231 1377 280 1432 has
292 1377 333 1434 vel
348 1387 373 1435 te
384 1381 423 1437 sic
436 1383 492 1454 ipse
504 1383 668 1457 flagitabam:

232 1451 383 1509 Camerium
395 1457 472 1522 mihi,
487 1459 617 1528 pessimae
627 1456 739 1528 puellae.

232 1527 366 1592 Quaedam
379 1531 476 1602 inquit,
492 1529 596 1584 nudum
611 1531 701 1583 sinum
716 1527 856 1583 reducens:

230 1602 271 1656 En
284 1603 329 1656 hio
340 1603 368 1657 in
380 1605 462 1658 roseis
472 1601 532 1656 latet
544 1601 661 1674 papillis.

231 1675 282 1729 Sed
294 1685 318 1730 te
331 1678 383 1730 iam
395 1675 461 1731 ierre
473 1676 593 1732 Herculei
606 1676 679 1732 labos
692 1683 742 1744 estg

232 1757 301 1805 tanto
315 1757 338 1805 te
351 1751 379 1805 in
392 1749 461 1806 fastu
475 1769 564 1826 aegea,
579 1752 672 1807 amine.

231 1825 289 1878 Non
302 1832 389 1879 custos
402 1826 425 1880 si
439 1827 525 1899 fingar
538 1825 582 1880 ille
594 1827 710 1888 Cretum,

230 1915 283 1952 non
296 1899 319 1952 si
332 1900 445 1972 Pegaseo
456 1899 525 1954 ferar
536 1900 633 1962 volatu,

230 1988 282 2025 non
295 1971 380 2026 Ladas
393 1974 416 2026 si
429 1990 486 2046 ego,
500 1973 662 2044 pennipesve
675 1974 793 2035 Perseus,

230 2046 289 2099 Non
302 2045 382 2100 Rhesi
394 2048 486 2102 niveae
498 2047 616 2117 citaeque
628 2046 717 2117 bigae:

229 2117 295 2174 adde
307 2119 362 2174 huo
373 2119 539 2191 plumipedes
552 2119 733 2190 volatilesque,

229 2200 419 2266 ventorumque
431 2194 511 2249 simul
525 2194 629 2267 require
640 2210 759 2257 cursum.

229 2283 296 2338 quos
307 2269 420 2338 junctos,
435 2269 547 2334 Camari,
562 2269 628 2324 mihi
642 2268 756 2323 dicares:

229 2340 347 2396 defessus
357 2351 443 2398 taman
457 2344 582 2399 omnibus
595 2342 728 2408 medullis,

229 2426 254 2470 et
267 2416 358 2471 multis
368 2417 541 2492 languoribus
553 2436 661 2491 peresam

228 2509 313 2546 essem
326 2499 359 2557 te,
375 2493 412 2546 mi
425 2493 517 2558 amioe,
532 2489 713 2566 quaeritanda.

228 2567 275 2621 Dic
288 2566 373 2633 nobis,
389 2568 436 2622 ubi
449 2568 487 2622 sis
497 2567 617 2624 futurus:
631 2567 679 2623 ede
691 2567 742 2622 hoo

230 2642 359 2708 undanter,
375 2644 516 2709 committe,
528 2643 603 2698 erede
615 2642 679 2697 luoi.
