2028 3034
218 152 250 202 30
503 148 671 202 CATULLI

254 263 319 326 quot
330 265 402 319 sunt,
417 265 534 327 quotque
546 255 626 320 suero,
641 257 727 310 Marce
740 255 819 321 Tulli,

253 335 371 401 quotque
382 337 441 401 post
453 329 512 385 aliis
525 338 602 384 erunt
615 331 643 385 in
657 331 748 400 annis,

253 404 351 478 gratias
364 405 413 458 tihi
426 405 556 460 maximas
569 404 687 460 Catullus

254 477 318 550 agit,
331 479 465 550 possimus
476 481 598 534 omnium
610 486 698 550 postu:

253 559 324 606 tonto
336 554 468 624 pessimus
480 556 601 610 omnium
613 560 696 624 posta,

254 633 352 698 quanto
362 637 392 682 tu
404 629 521 698 optimus
533 629 654 684 omnium
666 636 802 700 patronus,

428 757 454 796 L.
485 757 531 798 Au
561 754 745 799 ulcluluu.

290 837 432 911 Hesterno,
447 846 540 910 Licini,
556 847 598 900 die
610 847 686 900 otiosi

254 919 369 975 multum
383 919 496 975 lusimus
509 922 537 976 in
550 922 616 976 meis
630 921 741 986 tabellis,

254 1003 284 1048 ut
295 1002 451 1050 convenerat
463 1013 520 1049 esse
532 995 665 1051 delicatos.

253 1068 375 1124 Scribens
388 1069 531 1124 versiculos
546 1079 655 1143 uterque
668 1075 788 1126 nostrum

253 1142 360 1198 ludebat
372 1161 482 1198 numero
494 1145 572 1202 modo
583 1146 633 1201 hoo
645 1146 723 1201 modo
735 1145 803 1210 illoc,

252 1217 364 1272 reddens
377 1227 469 1273 mutua
481 1237 528 1290 por
542 1222 629 1276 iocum
642 1229 720 1292 atquo
733 1222 838 1274 vinum.

252 1293 339 1364 Atque
352 1291 426 1347 illino
438 1294 490 1348 abii
500 1304 546 1350 tuo
559 1295 645 1368 lepore

253 1367 386 1433 inoensus,
400 1368 495 1435 Licini,
509 1368 669 1442 faustiisque,

252 1450 283 1494 ut
295 1458 343 1495 noo
351 1459 394 1497 me
406 1443 534 1500 miserum
546 1445 622 1500 oibus
634 1445 745 1508 iuvaret,

254 1532 301 1570 neo
310 1532 420 1572 somnus
432 1525 528 1591 togeret
537 1519 625 1588 quiete
636 1517 744 1583 ooellos;

252 1589 299 1644 sod
312 1598 363 1645 toto
376 1591 520 1646 indomitus
532 1590 620 1645 furore
632 1590 698 1644 looto

253 1682 380 1730 versarer,
395 1665 504 1735 cupiens
517 1663 606 1720 videre
618 1663 716 1728 luoem,

253 1746 283 1793 ut
294 1746 381 1794 tsoum
394 1737 522 1810 loquerer,
537 1737 672 1810 simulque
683 1746 713 1793 ut
725 1755 820 1792 essem.

252 1812 286 1867 At
298 1813 398 1867 defossa
411 1812 499 1866 labore
511 1812 630 1867 membra
642 1822 783 1885 postquam

175 1928 179 1938 .
253 1888 421 1941 semimortua
435 1885 529 1940 lootulo
541 1885 668 1951 isoobsnt,

251 1962 311 2025 hoo,
325 1960 449 2024 iuounde,
463 1959 512 2013 tibi
523 1975 617 2030 poema
629 1958 687 2024 feoi,

252 2053 285 2088 ex
297 2051 352 2106 quo
363 2034 521 2106 perspiceres
534 2051 625 2090 meum
637 2033 762 2090 dolorem.

251 2111 329 2162 Nunc
341 2107 429 2161 audax
439 2124 503 2162 osvo
515 2109 561 2173 sis,
576 2125 719 2182 piscesque
731 2116 840 2175 nostras,

252 2198 367 2244 oramus,
382 2197 445 2236 oavo
457 2181 580 2254 dospuss,
595 2183 683 2250 osello,

160 2268 185 2309 to
241 2265 284 2310 'ne
296 2272 393 2326 poenas
405 2257 524 2313 Nemesis
536 2271 653 2330 reposcat
663 2276 678 2313 a
690 2266 724 2313 to.

251 2331 299 2385 Est
311 2330 453 2387 vehemens
466 2332 527 2402 deo3
542 2332 644 2389 laedere
655 2333 724 2389 hano
736 2342 834 2389 osveto.

428 2461 470 2504 LL
501 2463 547 2506 AD
576 2463 745 2506 uusulsu.

288 2543 706 2625 Qmmmmfflw,

252 2624 305 2693 illo,
320 2628 343 2682 si
356 2626 395 2682 fas
408 2638 455 2695 est,
470 2647 594 2702 superare
606 2629 691 2695 divos,
