2030 3036
151 183 185 222 [V

151 282 309 353 sentiendi,
326 284 480 357 praecipue
492 302 562 340 vero
576 284 702 340 dictione
715 295 744 341 et
756 305 874 359 poeseos
889 290 946 344 ele-

150 383 251 458 gantia
263 379 464 456 rhythmoque.
501 381 632 440 Fratrem
644 384 754 455 habuit,
769 386 817 460 qui
831 387 861 440 in
875 404 945 462 agro

151 479 279 537 Troiano
293 481 390 555 periit,
407 481 488 538 cuius
502 483 533 536 in
546 484 675 558 pluribus
691 484 863 540 carminibus
876 485 946 540 facit

151 579 332 634 mentionem.
374 577 440 652 lpse
452 598 508 654 quo
522 580 678 639 decesserit
691 602 781 653 anno,
801 601 857 638 uon
876 587 946 639 satis

150 681 249 754 liquet.
294 679 385 744 Quam
400 680 505 734 cecinit
517 681 549 733 in
563 681 735 736 carminibus
749 684 824 753 suis,
844 681 947 741 Lesbia

149 779 266 852 proprio
279 779 394 832 nornine
410 774 521 847 Clodia,
531 775 640 832 Metelli
651 775 759 834 Celeris
771 780 843 850 lilia,
857 781 948 838 luisse

151 876 285 933 ereditur.

167 961 172 974 ⁵
215 971 415 1044 Trebenna,
430 993 517 1048 eques
526 971 682 1044 Romanus,
692 993 747 1048 quo
762 984 845 1032 uatus
859 975 949 1033 fuerit

151 1092 237 1143 anno,
252 1072 404 1129 admodum
417 1075 558 1128 incertum
573 1073 646 1145 apud
660 1072 721 1129 VV.
736 1071 812 1144 Du,
827 1091 948 1148 quorum

151 1175 202 1229 alii
210 1191 235 1228 a.
242 1172 370 1243 (inomni
380 1190 405 1226 a.
412 1170 472 1226 695
486 1173 578 1227 lucem
588 1172 753 1246 adspexisse
762 1172 948 1231 arbitrantur.

149 1269 218 1326 Fuit
232 1280 327 1325 autem
336 1267 453 1327 Horatii
466 1273 586 1342 amicus,
598 1290 616 1327 a
630 1291 684 1347 quo
697 1273 805 1347 pluries
817 1273 948 1328 uomina-

151 1380 199 1425 tur
212 1372 286 1424 etin
301 1369 373 1426 0dis
387 1378 417 1425 et
427 1371 459 1425 in
471 1368 628 1444 Epist.l‚4.
667 1369 776 1427 Habuit
789 1369 948 1444 praedium,

150 1479 183 1526 ut
196 1467 317 1524 Flaccus
335 1469 391 1538 ait,
411 1471 441 1524 iu
459 1472 579 1545 regione
593 1468 722 1540 Pedaua3
749 1468 825 1543 quod
840 1477 949 1542 tamen,

152 1571 222 1626 olim
238 1569 378 1643 amplius,
401 1569 458 1622 iam
472 1565 578 1622 Noster
595 1567 679 1622 valde
695 1567 752 1622 sibi
766 1567 950 1624 imminutum

150 1670 297 1744 queritur,
310 1667 433 1722 fortasse
446 1683 498 1739 per
512 1666 656 1741 agrariam
670 1666 750 1721 illam
762 1667 950 1743 largitionem

150 1768 202 1824 sub
215 1767 345 1843 Augusto
362 1765 475 1821 iactam.
519 1759 672 1839 Stipendia
684 1768 790 1821 meruit
803 1767 873 1822 satis
886 1767 949 1821 lon-

150 1885 219 1942 gum
231 1885 283 1940 per
295 1874 421 1937 tempus3
435 1863 537 1937 quibus
553 1863 703 1933 conlectis,
713 1862 852 1920 Messalae
864 1866 949 1921 inno·

149 1967 206 2021 tuit
220 1979 341 2039 eumque
353 1962 494 2017 fautorem
507 1961 608 2017 habuit
622 1971 651 2017 et
666 1965 817 2020 comitatus
831 1974 875 2021 est
887 1967 948 2038 pri-

148 2082 226 2120 mum
241 2064 271 2117 in
286 2062 485 2136 Aquitaniam,
507 2060 609 2117 deiude
623 2071 651 2117 et
665 2064 695 2117 iu
711 2062 876 2134 Orientem,
890 2083 947 2140 quo

148 2164 289 2217 tamenin
302 2161 408 2215 itinere
422 2157 565 2236 Corcyrae
578 2162 609 2216 in
622 2162 752 2218 morbum
766 2163 884 2232 incidit,
902 2165 948 2218 in·

149 2259 240 2333 deque
254 2256 376 2315 Romam
388 2259 483 2315 rediit.
522 2257 637 2316 Deliam
650 2262 767 2332 cecinit,
781 2280 865 2336 quiam
878 2280 947 2317 vero

148 2359 264 2413 nomine
278 2358 409 2416 Planiam
426 2361 583 2416 vocitatam
601 2361 692 2417 luisse
703 2360 841 2433 Apuleia
861 2362 903 2416 ait
917 2363 947 2416 iu

148 2456 230 2530 Apol.
251 2460 319 2515 loa.
362 2457 406 2515 Ea
424 2458 510 2515 fidem
528 2469 656 2516 mutante
674 2458 810 2540 Nemesin
833 2457 947 2529 dilexit,

149 2559 231 2614 ouius
245 2568 342 2615 tamen
355 2560 508 2616 avaritiam
521 2559 657 2634 deplorat.
681 2553 724 2612 cf.
733 2555 884 2612 Ovidrlm:
894 2553 948 2627 111,

148 2659 176 2714 9.
198 2655 244 2715 De
258 2660 465 2736 quibustameu
475 2658 606 2716 omuibus
618 2668 647 2713 et
656 2655 819 2712 nominibus
829 2665 858 2712 et
867 2673 948 2711 amo-
