2030 3036
278 162 486 220 CARMINUM
506 165 631 219 LIBER.
796 172 826 221 te

118 271 185 343 aptis
198 269 340 325 sarcinulis
352 280 379 325 et
389 271 527 344 expeditis,

118 345 233 401 Veranni
246 345 353 416 optime,
367 353 462 418 tuque,
477 347 516 401 mi
527 348 647 414 Fabulle,

117 419 186 492 quid
197 436 287 474 rerum
299 419 408 492 geritis?
420 419 522 476 Satisne
534 438 596 476 curn
609 423 659 479 isto

117 511 204 565 vappa
216 491 366 566 frigoraque
378 501 403 548 et
415 492 512 549 famem
523 495 638 552 tulistis?

117 567 287 640 Eequidnam
300 568 328 621 in
347 568 444 622 tabulis
456 577 526 640 patet
539 569 625 626 lueelli

117 641 284 713 expensum?
295 648 324 696 ut
336 643 413 708 mihi,
428 645 485 714 qui,
500 662 589 699 meum
602 656 707 703 secutus

117 723 271 788 praetorem,
286 716 367 772 refero
379 717 471 773 datum
484 719 590 775 luoello:

117 789 159 846 »Ο
171 791 289 855 Memmi,
304 791 371 846 bena
383 809 426 846 me
438 810 468 847 ao
477 792 525 848 diu
537 796 666 866 supinum

117 873 169 920 tota
182 865 232 918 ista
244 865 317 920 trabe
330 865 415 921 lentus
428 867 592 924 irrumasti.u

116 938 177 1004 Sed,
192 945 323 1012 quantum
337 940 421 1006 video,
436 943 493 1012 pari
506 942 593 998 fuistis

115 1030 194 1068 casu:
209 1031 271 1068 nam
283 1013 368 1069 nihilo
380 1015 481 1070 minore
494 1034 572 1088 verpa

116 1088 176 1142 larti
190 1088 262 1142 estis.
283 1089 343 1142 Pete
355 1088 456 1144 nobiles
468 1092 576 1146 amieos.

116 1162 150 1218 At
163 1162 239 1216 vobis
253 1161 321 1216 mala
334 1163 416 1218 multa
430 1163 467 1218 dii
481 1164 597 1238 deaeque

116 1236 188 1302 dent,
203 1237 343 1309 opprobria
355 1237 461 1294 Romuli
474 1239 612 1312 Remique.

245 1363 352 1408 xm.
383 1365 424 1408 IN
452 1365 653 1411 CAESAREM.

155 1428 231 1523 Quis¹
241 1456 291 1511 hoo
301 1463 385 1529 potest
398 1456 495 1522 videre,
511 1456 573 1528 quis
584 1465 668 1530 potest
679 1458 742 1533 pati,

116 1532 168 1587 nisi
182 1531 342 1604 impudens,
358 1539 383 1586 et
396 1549 486 1597 vorax,
501 1541 525 1586 et
539 1531 603 1598 aleo,

116 1607 280 1661 Mamurram
293 1605 399 1673 habere,
414 1606 488 1678 quod
501 1605 606 1662 Comata
620 1607 704 1664 Gallia

116 1680 229 1735 habebat
241 1681 322 1745 uncti,
337 1689 363 1735 et
375 1678 467 1734 ultima
480 1681 632 1736 Britannia?

114 1753 229 1811 Cinaede
242 1754 360 1820 Romule¹
377 1752 441 1809 baec
452 1754 556 1810 videbis
569 1763 594 1808 at
606 1754 690 1811 leres‘l

113 1830 150 1884 Es
163 1829 325 1901 impudicus,
340 1836 365 1882 et
377 1846 468 1894 vorax,
482 1836 507 1882 et
520 1827 584 1882 aleo.

113 1905 146 1958 Et
159 1903 204 1957 ille
216 1920 289 1958 nuno
300 1903 431 1975 superbus
444 1910 469 1958 et
481 1901 644 1974 superfluens

113 1977 308 2050 perambulabit
319 1978 439 2032 omnium
453 1978 559 2042 cubilia,

114 2061 144 2107 ut
155 2051 263 2107 albulus
275 2051 415 2108 oolumbus
428 2059 473 2107 aut
485 2051 627 2107 Adoneus?

114 2126 228 2181 Cinaede
236 2125 357 2191 Romule,
372 2127 436 2182 haee
448 2127 552 2182 videbis
563 2135 590 2181 et
601 2125 686 2182 leres‘?

113 2201 150 2255 Es
162 2199 325 2272 impudicus,
338 2208 364 2256 et
376 2218 466 2266 vorax,
481 2209 506 2254 et
518 2200 583 2256 aleo.

113 2275 185 2330 Eone
197 2275 313 2340 nomine,
327 2275 467 2347 imperator
479 2276 566 2339 unitae,

114 2347 185 2403 luisti
199 2350 228 2404 in
240 2349 335 2404 ultima
346 2350 487 2406 oecidentis
500 2349 597 2414 insula,

112 2432 142 2477 ut
155 2424 203 2478 ista
217 2432 303 2479 vostra
316 2423 437 2479 dillirtuta
450 2423 567 2479 mentula

112 2497 246 2553 ducenties
259 2507 385 2553 eomesset
397 2508 442 2553 aut
453 2496 607 2553 trecenties?

112 2571 183 2638 Quid
195 2579 234 2626 est
247 2571 319 2626 alid?
331 2571 442 2627 Sinistra
455 2570 598 2626 liberalitas

112 2663 206 2717 parurn
219 2646 384 2718 expatravit?
396 2665 428 2701 an
442 2662 538 2718 parum
550 2644 682 2700 helluatus
693 2644 749 2698 est?

614 2737 670 2790 Bt
