2028 3034
251 144 459 203 CARMINUM
479 148 606 202 LIBER.
765 149 797 201 33

90 259 163 312 Num
176 261 201 310 te
214 253 334 310 lacteolae
346 262 434 310 tenent
445 254 567 328 puellae?

91 332 119 386 Si
131 331 253 404 linguam
265 328 355 385 olauso
367 336 439 385 tenes
452 331 480 384 in
493 347 546 394 ore,

89 405 191 460 fruetus
203 404 324 476 proiicies
337 405 433 459 amoris
446 421 547 459 omnes.

92 481 206 536 verbosa
218 477 314 552 gaudet
326 479 416 534 Venus
430 477 543 550 loquela.

91 554 148 620 Vel,
163 554 187 608 si
200 553 251 618 vis,
267 552 326 608 lieet
337 554 441 607 obseres
453 551 579 624 palatum,

92 629 157 684 dum
170 628 251 684 vostri
263 629 316 682 sim
327 628 456 699 particeps
468 627 575 682 amoris.

254 788 323 832 Lvl.
346 789 393 832 AD
410 789 593 833 cauoNEru.

131 871 160 935 Ο
174 897 231 935 rem
243 879 392 945 ridiculam,
408 881 479 946 Cato,
495 887 520 934 et
532 881 655 944 iooosanr,

92 956 257 1030 dignamque
269 954 380 1010 auribus
393 964 418 1010 et
430 964 475 1010 tuo
486 955 627 1010 cachinno!

93 1030 168 1095 llide,
183 1029 318 1102 quidquid
331 1047 413 1095 amas,
429 1029 500 1095 Ceto,
515 1029 664 1085 Catullum:

93 1122 135 1159 res
147 1110 187 1158 ost
198 1103 310 1160 ridicula
323 1111 348 1158 ot
359 1105 441 1159 nimis
454 1105 549 1159 iooosa.
696 1141 701 1148 -

93 1177 223 1250 Deprendi
236 1178 314 1234 modo
325 1179 459 1250 pupulum
470 1177 573 1249 puellae
848 1185 860 1225 5

94 1260 248 1308 trusantem.
288 1255 365 1308 Hunc
376 1271 434 1327 ego,
449 1253 473 1306 si
485 1252 569 1324 plaoet
580 1252 686 1314 Dionae,

93 1326 192 1398 protelo
203 1327 290 1400 rigida
302 1345 360 1382 mea
375 1327 468 1381 cecidi.

99 1473 185 1517 Lv11.
209 1473 249 1517 ΙΝ
263 1474 472 1518 mautrauers
491 1472 538 1516 ΕΤ
556 1469 761 1515 CAESAREM.

131 1557 249 1620 Pulchre
261 1566 384 1621 convenit
395 1565 524 1636 improbis
536 1563 662 1628 cinaedis,

94 1637 243 1694 Mamurrae
254 1640 421 1712 pathiooque‚
437 1639 603 1711 Caesarique.

94 1714 149 1768 Neo
159 1713 273 1768 mirum:
295 1714 414 1770 maculae
425 1730 501 1785 pares
514 1714 643 1786 utrisque,

94 1788 197 1842 urbana
210 1787 288 1842 altera
299 1795 326 1842 et
336 1787 382 1843 ille
394 1788 544 1853 Formiana,

94 1878 238 1934 impressae
250 1862 366 1917 resident
377 1879 426 1918 neo
438 1862 569 1917 eluentur.

94 1937 210 1991 Morbosi
222 1937 327 2008 pariter,
341 1935 447 2010 gemelli
459 1937 580 2009 utrique:

94 2027 149 2066 uno
163 2010 191 2065 in
205 2008 308 2076 lectulo,
323 2010 448 2066 erudituli
461 2011 552 2066 ambo:

94 2102 148 2141 non
161 2083 214 2149 hio,
229 2102 310 2157 quam
323 2083 377 2150 ille,
392 2086 478 2158 magis
490 2102 572 2140 vorax
585 2083 700 2139 adulter:

95 2159 191 2214 rivales
203 2160 268 2214 socii
280 2166 306 2214 et
317 2159 506 2231 puellularum.

96 2232 208 2288 Pulchre
220 2231 625 2305 eonvenitimprobisoiuaedis.
836 2237 862 2278 1⁰

142 2379 247 2424 lavlll.
272 2381 319 2425 An
336 2379 502 2424 cosmum
518 2376 721 2423 nebusola

134 2465 221 2539 Coeli,
237 2472 331 2528 Lesbia
345 2481 442 2537 nostra,
456 2470 550 2526 Lesbia
566 2468 620 2534 illa,

34 2579 35 2584 κ
98 2545 142 2602 illa
155 2549 260 2614 Lesbia,
275 2564 357 2619 quam
370 2545 491 2602 Catullus
503 2561 586 2600 uriam

35 2665 38 2741 1
99 2620 254 2752 plprsuphuam
267 2638 295 2676 se
308 2631 388 2694 atque
399 2637 462 2675 suos
475 2619 573 2674 amarit
584 2634 685 2747 omngs.
