2030 3040
279 156 341 212 LlB
372 156 410 211 11.
438 156 552 211 ELEG.
574 157 606 213 V.
768 163 815 216 ⁴23

102 262 394 336 Albaqueabdseanio
403 263 507 319 eondita
516 265 606 337 Longa
616 264 691 320 duee.
743 270 748 278 '
843 275 870 320 so

59 341 101 395 Te
111 355 224 411 quoque
233 338 287 392 iam
297 337 381 403 video,
394 337 470 393 Marti
480 337 607 409 placitura
616 339 735 395 sacerdos

102 414 164 478 Ilia,
177 411 287 467 vestales
296 411 443 466 deseruisse
452 411 530 477 foues,

61 487 278 557 concubitusque
287 492 345 540 tuos
355 485 456 551 furtim,
469 488 599 557 vittasque
608 487 728 553 iacentes,

103 568 131 616 et
139 559 231 631 eupidi
241 558 275 614 ad
283 560 354 630 ripas
364 577 437 614 arma
446 559 533 614 relicta
542 560 594 614 dei.

64 635 174 706 Carpite
184 649 265 699 nuno,
277 633 354 698 muri,
367 632 400 688 de
409 641 509 704 septem
518 635 652 689 montibus
662 635 766 702 herbas,
844 647 870 691 55

105 709 174 764 dum
184 707 255 775 lieet3
277 707 322 760 hie
330 724 441 780 magnae
451 709 504 762 iam
514 707 587 763 loeus
597 709 672 764 urbis
681 710 738 764 erit.

66 785 162 848 Roma,
175 790 252 836 tuum
262 798 359 836 nomen
369 782 444 836 terris
453 781 530 838 fatale
539 782 670 856 regendis,

105 875 161 928 qua
171 872 220 911 sua
229 855 262 909 de
270 855 339 910 eoelo
348 856 473 926 prospioit
481 875 544 912 arva
557 857 643 922 Ceres,

66 947 177 1004 quaque
185 937 274 1001 patant
282 937 364 994 ortus,
376 937 464 1002 etqua
473 929 637 986 fluitantibus
645 932 726 988 undis

106 1005 172 1059 solis
182 1003 333 1059 anhelantes
343 1002 427 1058 abluit
436 1006 522 1060 amnis
532 1022 624 1077 equos.

67 1079 146 1134 Troia
155 1078 264 1150 quidem
273 1085 336 1132 tuno
344 1095 373 1132 se
382 1079 531 1145 mirabitur,
542 1088 568 1134 et
576 1080 628 1134 sibi
638 1080 705 1136 dioet

107 1170 156 1208 vos
165 1152 231 1208 bene
241 1160 294 1206 mm
305 1151 383 1226 longa
392 1153 556 1208 oonsuluisee
568 1155 622 1208 via.

68 1229 136 1284 Vera
146 1243 224 1296 eano;
246 1227 285 1280 sio
293 1243 380 1298 usque
389 1243 476 1282 saeras
486 1227 594 1282 innoxia
604 1227 696 1283 laurus

107 1317 206 1365 vescar,
217 1308 242 1355 et
251 1307 386 1356 aeternum
396 1301 430 1354 sit
439 1301 506 1354 mihi
521 1301 688 1374 virginitas«

68 1378 138 1442 Haeo
147 1375 239 1430 oeoinit
247 1381 328 1439 vates,
340 1382 366 1429 et
374 1381 399 1429 te
409 1375 470 1440 sibi,
481 1375 593 1440 Phoebe,
605 1376 718 1441 vocavit,

107 1450 213 1505 iactavit
220 1448 293 1504 fusas
302 1456 327 1503 et
336 1456 414 1520 eaput
423 1456 482 1504 ante
493 1467 590 1504 eomas.

69 1523 207 1596 Quidquid
215 1522 361 1589 Amalthea,
373 1523 506 1596 quidquid
516 1524 657 1596 Mai-poesia
667 1523 735 1579 dixit

107 1597 254 1669 Herophilo,
267 1597 371 1654 Phoebo
379 1606 506 1670 grataque
515 1598 587 1670 quod
597 1597 708 1663 monuit,

69 1689 189 1746 quasque
198 1671 305 1727 Albuna
313 1689 399 1726 sacras
410 1672 511 1726 Tiberis
520 1689 568 1743 per
577 1671 687 1727 flumina
696 1681 777 1729 sortes

105 1747 221 1819 portarit,
231 1747 300 1801 siooo
309 1745 496 1818 pertuleritque
505 1747 581 1800 sinu:

70 1821 132 1895 (hae
140 1820 194 1876 iore
203 1820 335 1886 dixerunt,
346 1820 409 1875 belli
420 1820 489 1875 male
508 1821 593 1894 signa,
606 1826 731 1886 cometen,

106 1895 206 1951 multus
216 1901 246 1950 ut
255 1895 283 1950 iu
292 1901 374 1950 terras
383 1894 569 1967 deplueretque
581 1893 661 1965 lapis:

69 1970 233 2043 atquetuhas
242 1977 321 2042 atque
330 1987 403 2024 arma
412 1969 499 2025 ierunt
507 1969 667 2041 strepitantia
677 1969 748 2025 ooelo

107 2043 202 2110 audita,
215 2043 322 2098 etluoos
332 2045 508 2115 praecinuisse
518 2043 619 2118 iugem.
697 2075 699 2079 ·

70 2120 159 2190 Ipsum
168 2119 247 2173 etiem
257 2118 343 2173 Solem
353 2117 482 2174 deiectum
493 2119 594 2174 lumine
603 2118 671 2174 vidit

106 2193 215 2266 iungere
223 2190 350 2264 pallentes
360 2192 471 2248 nubilus
480 2210 567 2248 annus
577 2209 668 2264 equos,

70 2273 95 2322 et
103 2266 242 2322 simulacra
251 2266 331 2322 deum
340 2266 461 2322 lacrimas
470 2265 571 2321 fudisse
580 2273 703 2336 tepentes,

107 2340 321 2413 iatequevoeales
329 2341 527 2413 praemonuisse
535 2338 636 2412 boves.)

70 2415 132 2470 haee
139 2414 237 2470 fuerint
245 2414 323 2471 olim:
343 2414 390 2470 sed
399 2421 428 2470 tu
438 2415 491 2468 iam
501 2413 582 2478 mitis,
594 2411 696 2483 Apollo,

105 2489 223 2564 prodigia
233 2488 368 2544 indomitis
378 2505 467 2562 merge
475 2489 527 2543 sub
536 2487 708 2560 aequoribus3

70 2572 225 2620 etsucoensa
235 2564 316 2618 saetis
325 2564 430 2635 crepitet
439 2564 505 2618 bene
515 2560 602 2618 laurea
611 2561 734 2628 flammis,

105 2639 191 2696 omine
199 2655 254 2712 quo
263 2636 327 2694 lelix
339 2646 364 2694 et
372 2653 445 2694 saoer
454 2655 540 2694 annus
550 2637 608 2692 erit.
