2028 3034
252 169 462 226 cnauruuu
482 171 607 240 niusa.
770 175 802 226 ts

52 281 170 352 adiitque
179 283 262 351 opaea
272 277 348 333 silvis
358 276 479 333 redimita
489 277 544 333 idea
554 278 630 333 deae:

53 354 205 409 stimulatus
215 353 264 408 ubi
274 351 371 406 furenti
381 353 461 417 rabie,
475 357 559 426 vagire
569 354 661 418 animi,

53 428 169 484 devdlvit
183 426 231 482 illa
241 429 316 482 aeritd
325 426 377 480 sibi
386 427 501 497 pdndera
511 426 594 481 silice.
845 439 856 484 s

55 505 144 576 ltaque
155 509 185 557 ut
194 501 283 556 relicta
293 501 376 556 sensit
383 500 434 554 sibi
444 501 562 555 membra
572 501 629 555 sine
638 502 703 564 viro,

6 596 8 599 ·
53 579 142 632 etiarn
151 583 255 632 tenente
263 583 345 630 terrae
354 574 409 629 sola
419 576 550 648 sanguine
559 574 704 640 maculans,

54 652 139 706 niveis
149 653 228 705 citata
237 650 306 722 oepit
315 649 441 703 manibus
451 648 509 704 leve
518 633 657 723 tydanum,
678 642 721 694 ‘72²

53 737 195 800 typanum‚
208 725 301 779 mam
310 722 440 796 Cybelles,
452 731 506 789 tua,
518 725 608 788 Mater,
621 725 704 780 initia.

53 803 231 872 quatiensque
240 806 311 871 terga
321 798 390 852 tauri
400 799 495 852 teneris
505 814 568 852 eave
578 797 677 871 digitis,
831 813 855 854 1⁰

53 891 146 929 canere
155 873 221 928 haee
230 873 288 928 suis
297 870 386 926 adorta
396 878 435 926 est
444 872 614 927 tremebunda
624 874 776 932 sonitibus,
896 872 898 876 ’

92 990 110 1013 ,,
118 948 204 1022 Agite,
217 947 252 1000 ite
260 946 294 1001 ad
304 944 364 1010 alta,
374 945 475 1011 Gallae,
487 945 598 1020 Cybeles
608 965 713 1002 nemora
726 950 816 1014 simul,

53 1021 134 1077 simul
145 1023 190 1086 ite,
206 1021 387 1094 Dindymenae
396 1037 463 1093 vaga
475 1029 577 1092 pestera
587 1020 718 1088 deminae,

54 1097 137 1152 aliena
149 1111 218 1168 quae
228 1103 352 1166 petentes,
363 1093 435 1170 velut
444 1095 545 1160 exules,
559 1094 624 1161 loea,

55 1179 151 1226 sectam
162 1187 250 1224 meam
260 1176 404 1233 exsecutae,
416 1170 483 1224 duee
493 1186 544 1234 me,
557 1170 623 1223 mihi
635 1171 741 1225 comites
830 1184 854 1224 ts

54 1245 178 1317 rapidum
188 1243 276 1299 salum
285 1242 392 1308 tulistis,
405 1243 603 1316 truculentaque
612 1244 708 1318 pelagi,

55 1329 78 1374 et
87 1337 183 1390 eorpus
193 1318 314 1373 evirastis
324 1318 433 1374 Veneris
443 1319 527 1373 nimio
536 1317 604 1380 odie,

54 1394 163 1448 hilarate
171 1393 235 1446 hero
245 1392 329 1446 citatis
339 1393 472 1447 erroribus
482 1392 612 1446 animum.

54 1469 125 1523 Mora
135 1467 209 1522 tarda
220 1473 306 1520 ruente
315 1466 402 1521 sedat:
415 1466 497 1521 simul
507 1467 551 1530 ite,
564 1467 707 1538 sequimini

55 1543 199 1616 Phrygiam
210 1540 243 1594 ad
254 1541 363 1595 domum
374 1539 508 1614 Cybelles,
522 1540 640 1668 Plylrygia
652 1542 685 1596 ad
694 1559 798 1598 nemora

566 1631 622 1671 eae:
829 1629 854 1672 20

54 1691 101 1745 ubi
111 1687 266 1764 symbaldm
275 1699 349 1746 senat
359 1705 420 1754 vox,
433 1689 480 1743 ubr
490 1696 616 1762 tympana
626 1689 740 1755 reboant,

53 1765 150 1820 tibioen
161 1763 210 1818 ubi
219 1765 290 1819 eanit
299 1765 390 1838 Phryx
398 1779 481 1818 curuo
489 1779 570 1836 grave
578 1762 687 1828 calamo,

53 1839 101 1894 ubi
112 1841 197 1910 capita
206 1838 344 1895 Maenades
353 1839 381 1893 vi
393 1835 492 1892 iaciunt
500 1837 676 1910 hederigerae,
701 1871 706 1884 ·

53 1914 101 1968 ubi
112 1930 183 1968 saera
194 1920 281 1968 saneta
292 1915 375 1968 aeutis
385 1910 532 1967 ululatibus
541 1912 650 1985 agitant,

53 1988 102 2042 ubi
111 1986 198 2042 suevit
208 1986 253 2042 illa
262 1987 339 2043 divae
348 1985 457 2043 volitare
466 2003 533 2060 vaga
543 1987 649 2042 eohors:
828 1999 853 2042 25

53 2060 633 2134 quenosdeeeteitatiseeleraretripudiis.“

90 2134 176 2190 Simul
187 2135 252 2191 haee
260 2137 402 2191 eomitibus
411 2133 478 2221 Atys
487 2135 581 2190 eeeinit
590 2135 669 2189 notha
683 2135 787 2200 mulier,

54 2211 156 2266 thiasus
166 2218 271 2282 repente
282 2210 382 2284 linguis
392 2209 583 2282 trepidantibus
593 2208 686 2272 ululat,

55 2284 110 2340 leve
119 2293 279 2359 tympanum
289 2285 413 2358 remugit,
424 2301 488 2340 cava
497 2281 619 2358 eymbala
630 2291 773 2352 recrepant.

55 2360 170 2414 Viridem
180 2360 248 2414 situs
258 2359 314 2414 adit
324 2359 396 2416 ldam
406 2365 560 2430 properante
568 2355 635 2428 pede
644 2357 750 2410 chorus.
828 2367 853 2408 aa

54 2433 208 2490 Furibunda
216 2434 298 2490 simul
308 2433 507 2506 anhelansvaga
516 2430 589 2488 vadit
597 2431 700 2485 animae
708 2447 797 2504 egens,

53 2508 172 2566 mmitata
181 2519 310 2584 tympano
321 2509 396 2581 Atys,
408 2523 543 2579 peropaca
553 2522 659 2560 nemora
669 2503 735 2569 dux,

53 2583 132 2640 veluti
144 2587 257 2640 iuvenes
268 2582 355 2638 vitans
364 2599 432 2638 onus
442 2581 569 2635 indomita
579 2580 646 2652 iugi.

53 2658 166 2732 llapidae
175 2659 272 2716 ducem
281 2665 431 2730 sequuntur
440 2654 530 2710 Gallae
539 2651 746 2726 properipedern.
