2028 3034
199 126 230 174 88
428 111 531 174 ALBll
552 120 708 175 TIBULLI

143 240 168 282 lt
237 227 365 293 custodes,
376 227 447 283 lentis
457 246 565 283 munera
577 237 670 294 vestra,
686 231 775 284 Lares.

199 304 273 358 Tunc
283 302 365 357 vitula
376 303 528 357 innumeros
539 302 665 357 lustrabat
672 320 745 358 caesa
756 305 890 362 iuveneas:

235 394 307 432 nunc
317 394 384 450 agna
393 377 485 450 exigui
493 385 532 431 est
540 377 624 432 hestia
632 395 713 449 parva
723 377 782 432 soli.

198 451 273 525 Agna
283 451 357 506 cada
366 452 451 516 vobis,
463 469 545 523 quam
553 451 653 506 eiacum
663 452 760 508 rustica
768 455 853 525 pubes

234 525 340 581 elamet:
352 527 388 590 lo,
400 543 499 580 messes
508 534 533 580 et
541 525 609 580 bona
619 525 681 580 vina
689 525 757 581 data.

143 611 168 654 25
198 599 522 670 larnmodononpossum
531 600 863 673 eontentusvivereparvo,

234 691 281 729 nee
289 691 392 745 semper
402 672 494 746 longae
502 673 749 739 deditasesseviae

197 749 244 802 seul
253 748 332 804 Canis
342 747 453 803 aestivos
463 755 535 802 ortus
546 747 626 802 vitare
636 747 687 802 sub
697 749 791 805 umbra

235 823 345 887 arboris,
356 822 390 876 ad
399 822 470 877 rivos
479 822 667 892 praetereuntis
677 840 769 894 aquae.

198 899 251 951 Neo
259 904 346 951 tamen
357 895 489 950 interdum
498 895 594 966 pudeat
603 895 718 952 tenuisse
725 898 867 964 bidentem,

143 983 168 1024 ra
236 979 280 1025 aut
290 970 398 1026 stimulo
406 969 492 1024 tardos
503 970 663 1042 increpuisse
671 971 761 1037 boves,

198 1063 249 1100 non
260 1061 389 1118 agnamve
398 1045 459 1098 sinu
468 1044 555 1117 pigeat
564 1044 679 1101 letumve
688 1045 801 1118 capellae

234 1118 374 1184 desertum,
384 1117 465 1172 oblita
474 1126 564 1185 matre,
577 1117 670 1174 referre
679 1119 799 1175 domurn.

197 1192 230 1247 Ar
238 1210 284 1248 vos
295 1193 391 1266 exiguo
400 1193 495 1264 penui,
508 1192 631 1266 laresque
641 1193 759 1265 lupique,

233 1267 342 1338 parcite
355 1267 387 1321 de
397 1284 494 1341 magno
503 1275 542 1322 eat
552 1267 645 1340 praeda
659 1268 767 1339 petenda
777 1285 866 1344 grege.

143 1352 167 1395 tn
198 1343 301 1416 Hicego
315 1350 498 1414 pastoremque
506 1359 596 1398 meum
605 1341 715 1396 lustrare
723 1346 873 1414 quotannis,

233 1425 257 1470 et
266 1416 396 1488 placidam
406 1416 475 1472 soleo
483 1433 605 1490 spargere
614 1414 679 1470 laete
687 1416 784 1472 Palem.

197 1490 304 1557 Arietis,
316 1491 381 1555 divi,
394 1508 441 1546 nec
450 1508 497 1546 vos
506 1508 520 1544 e
530 1506 644 1561 paupere
654 1507 745 1546 mensa

233 1566 310 1631 dona,
323 1582 370 1620 nee
379 1581 394 1618 e
402 1565 476 1635 puris
487 1565 601 1634 spernite
610 1562 745 1618 fictilibus.

196 1639 298 1694 Fictilia
307 1640 433 1710 antiquus
442 1638 560 1708 primum
569 1637 621 1692 eibi
631 1636 690 1692 lecit
699 1639 808 1712 agrestis

142 1723 167 1768 lu
234 1713 335 1785 pocula,
347 1712 380 1766 de
389 1710 458 1766 facili
467 1712 666 1786 eompoauitque
676 1711 740 1768 luta.

197 1789 253 1842 Non
264 1805 311 1861 ego
321 1786 425 1840 divitias
436 1795 540 1857 patrum
550 1784 703 1858 lucanaque
711 1789 824 1860 requiro.

233 1880 300 1934 quos
310 1860 369 1914 tulit
378 1861 486 1932 antiquo
495 1860 599 1916 eandita
609 1861 703 1914 messis
712 1877 771 1915 avo.

196 1939 278 1990 Parva
287 1951 361 2007 seges
371 1934 434 1988 satis
443 1941 494 1999 θεὴ
506 1933 570 1988 satia
578 1941 627 1997 est,
638 1933 799 2004 requieeoere
808 1933 873 1990 lacto

232 2008 331 2072 silicet,
343 2015 368 2062 et
377 2006 452 2061 solito
462 2007 580 2062 membra
590 2006 676 2061 levare
684 2015 748 2062 tere.

140 2093 165 2138 45
197 2083 282 2149 Quam
293 2083 365 2136 iuvat
374 2081 489 2136 immites
498 2088 588 2136 ventas
597 2079 689 2136 audire
697 2081 846 2146 cubantem,

231 2166 256 2211 et
264 2156 398 2211 dominam
407 2163 495 2210 tenero
507 2155 668 2212 eontinuiaaa
677 2154 748 2221 sinu,

194 2239 247 2294 aut,
259 2229 358 2304 gelidas
368 2230 496 2286 hibernus
505 2247 587 2302 aquas
595 2247 681 2302 quum
690 2229 786 2289 fuderit
795 2230 898 2291 Auster.

231 2321 353 2360 securum
361 2322 476 2369 somnos,
488 2305 573 2362 imbre
584 2305 698 2370 iuvante,
710 2306 800 2378 sequi!

194 2381 247 2433 lloe
256 2379 323 2435 mihi
333 2381 478 2454 eontiugat:
494 2381 530 2436 sit
538 2380 613 2436 dives
623 2380 688 2445 lure,
704 2379 818 2436 furorem

139 2467 164 2508 50
231 2455 279 2526 qul
289 2455 369 2510 maris
378 2463 403 2509 et
411 2456 498 2510 tristes
507 2454 572 2510 lerra
581 2462 664 2526 potest
673 2454 788 2527 pluvias.

193 2528 354 2601 Oquantum
365 2538 404 2584 est
413 2531 470 2586 auri
480 2531 567 2601 potius
577 2537 715 2601 pereatque
728 2531 869 2603 smaragdi,

230 2622 311 2676 quam
321 2603 379 2660 fleat
387 2605 422 2660 ob
432 2613 533 2660 nostras
544 2604 598 2660 ulla
607 2603 694 2676 puella
705 2605 771 2661 viae.
