2020 3036
207 131 240 186 ta
493 130 660 186 CATULLI

378 290 481 335 LXXI.
510 293 556 334 AD
587 292 786 336 vluuaNEru.

211 375 243 437 Si
258 385 331 454 quoi,
350 383 435 448 Virro,
454 383 524 438 bono
540 401 612 438 seeer
624 383 727 439 alarum
739 384 840 438 obstitit
851 385 956 450 hirene,

246 465 291 511 aut
303 459 325 510 si
338 475 418 528 quem
432 458 524 513 merite
536 458 608 512 tarda
621 458 736 531 podagra
749 467 830 513 secat:

208 531 329 586 aemulus
343 533 390 586 iste
403 540 474 597 tuus,
491 532 538 604 qui
552 539 671 587 vostrum
683 541 785 587 exercet
797 550 924 598 amrrrem,

245 606 356 660 mirifica
368 613 407 660 est
418 625 432 660 a
446 613 470 660 te
482 615 573 661 nactus
586 615 730 678 utrumque
743 605 855 661 maium.

155 692 166 731 5
209 682 276 735 Nam
289 680 391 752 quoties
404 678 492 745 futuit,
508 681 581 735 toties
594 681 730 736 ulciscitur
743 681 847 748 amb0s3

247 753 320 809 iilam
333 753 425 826 affligit
434 753 520 820 odore,
535 755 592 825 ipse
603 756 670 826 perit
681 755 807 828 podagra,

384 881 502 925 LXXII.
531 882 577 924 An
607 883 776 926 uussslaut.

208 965 328 1029 Dicebas
340 973 485 1047 quondam,
500 971 587 1027 salum
600 980 625 1027 te
637 991 714 1029 nosse
723 972 866 1037 Catullum,

246 1048 349 1113 Lesbia,
365 1064 413 1102 nee
424 1065 487 1118 prae
499 1065 542 1102 me
555 1047 623 1102 velle
635 1055 722 1102 tenere
735 1050 833 1104 Iovem.

208 1122 293 1177 Dilexi
306 1131 364 1176 tum
376 1130 477 1187 temon
491 1130 593 1176 tantum
606 1128 636 1176 ut
648 1120 747 1195 vulgus
760 1123 881 1186 amicam,

245 1197 293 1251 sed
304 1204 376 1268 pater
387 1203 416 1251 ut
425 1203 519 1269 gnatos
532 1196 620 1270 diligit
631 1203 656 1250 et
667 1213 787 1269 generes.

155 1283 166 1324 5
209 1272 286 1326 Nune
297 1278 322 1325 te
334 1272 456 1352 eegnpvi.
476 1270 571 1338 Quare,
587 1271 636 1326 etsi
648 1271 795 1342 impensius
807 1286 878 1336 uror,

248 1345 332 1402 multe
343 1347 381 1400 mi
394 1353 481 1402 tamen
491 1363 519 1401 ee
533 1345 610 1402 vilior
624 1352 649 1400 et
661 1344 751 1401 levior.

208 1419 260 1486 Qui
282 1420 349 1492 potis
371 1419 427 1475 eet‘?
438 1421 540 1492 inquis.
564 1420 641 1487 Quod
656 1427 787 1475 amantem
800 1419 897 1475 iniuria

704 1495 762 1550 talis

246 1569 315 1641 cogit
328 1586 415 1624 amare
427 1569 522 1642 megia,
537 1569 583 1624 sed
596 1569 663 1624 bene
675 1568 742 1624 veile
754 1572 855 1624 minus.

360 1697 494 1741 Lxxni.
523 1697 564 1739 lN
592 1695 800 1741 INGRATUM.

210 1778 314 1842 Desine
326 1789 359 1843 de
370 1805 506 1861 quoquam
519 1789 667 1861 quidquam
680 1790 746 1844 bene
759 1787 827 1843 velie
838 1790 942 1850 mereri,

247 1869 292 1917 aut
305 1861 421 1935 aliquem
435 1863 491 1917 fieri
504 1879 581 1934 posse
593 1871 685 1932 putare
698 1864 784 1932 pium.

210 1936 305 1992 Omnia
318 1944 381 1992 sunt
395 1938 509 2010 ingrata:
524 1935 591 1990 nihil
605 1935 696 1990 iecisse
708 1935 822 2006 benigne
833 1942 885 1990 est:

248 2011 330 2064 immo
342 2011 419 2064 etiam
432 2008 528 2073 taedet,
543 2010 566 2062 si
580 2009 622 2072 sit,
637 2009 763 2079 obestque
774 2008 876 2080 magis:

156 2097 167 2137 5
211 2084 329 2146 etmihi,
344 2099 424 2155 quem
438 2098 516 2136 nemo
527 2083 637 2155 gravius
651 2099 699 2136 nec
710 2082 831 2136 aeerbius
845 2093 930 2154 urget,

246 2174 327 2230 quam
344 2157 421 2211 modo
437 2157 485 2230 qui
502 2173 545 2210 me
562 2173 647 2211 unum
664 2165 742 2229 atque
758 2157 869 2212 unicum
886 2160 946 2213 ami·

702 2249 763 2287 eum
777 2232 881 2288 habuit.

383 2360 510 2404 LXXIV.
541 2360 579 2404 IN
609 2362 784 2406 deutrum.

210 2443 316 2507 Gellius
329 2452 454 2510 audierat.
470 2463 593 2526 patruum
607 2456 747 2528 obirugere
759 2455 850 2520 solere,

248 2527 271 2581 si
284 2527 346 2598 quis
359 2528 465 2584 delicias
478 2529 574 2584 dieeret
586 2539 631 2584 eut
644 2530 745 2585 faeeret.

210 2605 263 2658 Hes
276 2620 309 2658 ue
321 2604 372 2675 ipsi
386 2605 519 2670 aoeiderea
535 2606 620 2676 patrui
634 2606 785 2677 perdepsuit
797 2606 880 2677 ipsam
