2020 3036
209 143 210 146 ‘
264 163 377 216 n1n.1.
407 161 521 216 nans.
543 163 595 216 111.
768 169 799 218 ea

85 272 232 326 Abstineas
243 269 342 334 avidae,
355 269 433 335 Mors,
446 285 544 340 preest,
556 277 620 334 atra,
632 287 738 326 manus.

42 347 202 410 Abstineas,
215 345 285 400 Mors
295 350 357 408 atra,
369 359 472 414 preeor:
484 359 537 396 non
547 342 592 396 bia
600 344 667 398 mihi
678 354 767 412 mater,
844 359 855 398 5

86 437 161 492 quae
171 419 276 492 legatia
287 425 398 473 moestos
407 435 465 472 ossa
475 424 580 488 perusta
589 419 674 483 sinus,

45 513 104 550 non
116 511 200 558 soror,
213 492 336 566 Assyrios
345 492 426 546 cineri
437 507 505 564 quae
514 490 591 545 dedat
600 491 699 558 odores,

86 578 113 623 et
123 567 184 622 fleat
194 567 284 622 effusis
293 574 352 621 ante
362 564 481 637 sepulcra
491 566 586 633 nomis3

46 643 124 697 Delia
135 659 188 696 non
199 659 323 714 nsquam,
336 657 405 712 quae
413 658 457 694 me
465 657 551 712 quum
561 640 672 696 mitteret
682 643 755 706 urbe,

86 717 187 772 dieitur
196 723 255 770 ante
263 731 355 770 omnes
364 714 528 770 (nnsuluisse
538 713 608 769 deos.
829 728 855 770 tn

49 791 98 846 lua
109 790 283 862 saeraspueri
293 797 374 844 sortes
384 797 422 844 ter
431 787 551 844 sustulit:
573 787 612 843 illi

89 865 309 920 rettulitetriviis
318 864 407 919 nmina
417 871 485 918 eerta
494 879 569 935 puer.

51 942 155 996 Cuncta
175 939 273 994 dabant
290 939 401 1004 reditun
428 947 515 993 tamen
534 945 574 993 est
591 935 711 993 deterrita
731 957 801 994 nun-

549 1027 640 1085 quam,

91 1089 160 1161 quin
170 1087 248 1154 fleret,
262 1096 362 1143 nostras
372 1088 562 1160 respioeretque
570 1088 637 1143 vias.

53 1166 114 1235 lpse
124 1179 173 1236 ego
182 1162 285 1228 solator,
297 1179 383 1235 quum
393 1163 446 1218 iam
457 1160 578 1217 mandata
588 1161 729 1224 dedissem,
831 1173 855 1214 tt

93 1238 253 1310 quaerebam
263 1237 349 1292 tardas
359 1239 455 1292 anxius
466 1253 552 1309 usque
561 1253 657 1291 moras.

54 1313 109 1368 Aut
118 1328 167 1384 ego
176 1329 237 1368 sum
247 1319 369 1366 causatus
379 1329 449 1375 aves,
462 1320 507 1366 aut
515 1327 603 1364 nmina
613 1310 680 1374 dira,

93 1386 199 1441 Saturni
209 1393 254 1442 aut
263 1403 363 1440 sacram
374 1402 417 1439 me
425 1385 541 1439 tenuisse
549 1384 630 1439 diem.

55 1461 79 1517 0
89 1462 191 1534 quoties
201 1461 336 1548 ingressus
347 1461 394 1515 iter
404 1459 470 1514 mihi
481 1459 565 1514 tristia
574 1459 632 1514 dixi

93 1535 222 1590 offensum
233 1553 261 1590 in
271 1541 344 1606 porta
354 1535 429 1608 signa
440 1533 543 1588 dedisse
550 1533 654 1606 pedem.
830 1545 856 1586 aa

55 1609 158 1665 Audeat
167 1609 250 1664 invite
259 1625 292 1664 ne
301 1609 363 1681 quis
372 1607 504 1663 disoedere
518 1609 621 1672 Amore,
789 1605 792 1608 ’

94 1691 139 1738 aut
148 1683 211 1738 saint
220 1700 356 1758 egressum
366 1699 394 1737 se
404 1683 558 1756 prohibente
567 1683 625 1737 deo.

57 1757 128 1825 Quid
137 1765 181 1813 tua
191 1774 264 1812 nune
272 1757 322 1812 Isis
331 1757 407 1822 mihi,
419 1756 510 1811 Delia?
528 1757 595 1829 qnid
605 1755 671 1810 mihi
682 1763 791 1826 prosunt

95 1832 140 1886 illa
149 1839 194 1887 tua
203 1832 277 1887 toties
287 1849 344 1887 aera
355 1831 459 1904 repulsa
469 1830 569 1886 manu?

58 1907 165 1980 quidve,
176 1906 220 1979 pie
229 1906 294 1961 duna
304 1923 376 1962 saera
386 1905 459 1972 eolis,
471 1923 589 1978 pureque
599 1905 680 1960 lavari
829 1917 856 1958 rt

95 1980 255 2055 te(memini)
264 1988 289 2035 et
298 1997 365 2052 puro
375 1981 527 2036 secubuisse
537 1979 610 2036 toro?

59 2058 143 2120 Nune,
155 2055 211 2120 dea,
223 2073 295 2110 nunc
305 2058 430 2111 sueeurre'
436 2056 503 2110 mihi
515 2057 594 2128 (nam,
607 2071 682 2126 posse
692 2056 799 2116 mederi,

96 2131 161 2201 picta
170 2129 243 2184 donet
252 2129 357 2202 templis
367 2127 449 2186 muita
458 2129 552 2185 tabella
562 2129 624 2202 tuis)

62 2212 89 2259 ut
99 2221 154 2258 mea
164 2205 265 2258 votivas
275 2204 426 2276 persolvens
435 2203 506 2259 Delia
521 2221 595 2258 voees

96 2286 153 2332 ante
162 2294 257 2344 sanas,
271 2279 325 2334 lino
335 2287 407 2344 tecta,
419 2278 486 2332 iores
496 2278 590 2342 sedeat,
831 2285 855 2326 30

62 2354 152 2424 bisque
161 2352 212 2418 die,
224 2352 334 2408 resoluta
345 2369 441 2416 eomas,
453 2352 502 2406 tibi
512 2351 596 2405 dioere
605 2349 695 2404 laudes
737 2413 746 2428 α

97 2427 208 2501 insignis
217 2427 294 2482 turba
304 2427 396 2482 debeat
405 2427 434 2481 in
443 2425 548 2480 Pharia.

64 2501 94 2555 dt
102 2501 167 2555 mihi
177 2502 311 2575 eontingat
319 2501 416 2573 patrios
426 2499 555 2555 celebrare
565 2501 680 2562 Penates,

98 2575 254 2648 redderequa
263 2576 372 2648 antiquo
381 2582 515 2629 menstrua
526 2582 583 2629 tura
593 2572 663 2626 Lari.

64 2650 144 2716 Quam
153 2649 220 2704 bene
230 2649 342 2704 Saturno
353 2648 476 2703 vivebant
485 2665 554 2722 rege,
566 2647 722 2719 priusquam
832 2654 856 2696 35
