2030 3036
262 159 471 216 CARMINUM
491 161 617 217 LIBER.

103 287 169 340 opus
182 267 248 324 foret
261 268 356 332 volare,
373 269 430 324 sive
442 268 531 324 linteo.

103 345 135 398 Et
147 345 197 399 boc
210 352 288 416 negat
300 344 411 397 minacis
423 343 549 398 Adriatici

104 436 199 491 negare
211 417 284 483 litus,
299 416 435 473 insulasve
447 418 586 492 Cycladas,

105 493 261 548 llbodumve
273 492 399 556 nobilem,
413 492 582 548 horridamve
595 494 742 559 Thraciam,

105 567 270 638 Propontida,
284 575 419 622 trucemve
431 567 569 622 Ponticum
581 570 681 634 sinum,

104 642 149 695 ubi
164 643 222 706 iste,
236 651 295 712 post
305 641 441 713 phaselus,
456 651 531 697 antea
544 641 595 697 fuit

103 724 204 771 comata
216 717 297 770 silva:
319 734 382 770 nam
395 716 501 790 Cytorio
514 717 542 771 in
556 717 618 790 iugo

104 791 227 863 loquente
239 808 316 862 saepe
328 789 439 846 sibilum
452 791 535 846 edidit
546 809 631 848 come.

104 865 216 920 Amastri
230 867 345 929 Pontica,
361 873 386 920 et
398 865 493 939 Cytore
504 866 619 932 buxifer,

105 941 151 994 tibi
164 941 229 994 baec
241 939 322 995 luisse
334 949 360 994 et
371 957 429 994 asse
440 941 630 1014 cognitissima,

104 1017 140 1069 ait
151 1015 289 1086 phaselus:
311 1015 404 1070 ultima
417 1032 451 1070 ex
463 1016 565 1089 origine

104 1099 148 1144 tuo
161 1090 262 1145 stetisse
274 1089 338 1144 dicit
350 1091 377 1144 in
391 1091 536 1156 cacumine,

105 1174 149 1219 tuo
160 1165 290 1219 imbuisse
301 1164 433 1236 palmulas
446 1165 474 1220 in
487 1182 608 1238 aequore,

104 1247 127 1293 et
140 1239 251 1304 indetot
262 1257 309 1311 per
321 1240 472 1311 impotentia
485 1238 549 1294 freta

104 1314 199 1369 herum
212 1313 317 1383 tulisse3
339 1315 422 1380 laeva,
436 1316 494 1370 sive
505 1314 610 1369 dextera

105 1397 207 1444 vocaret
219 1406 291 1452 aurs,
306 1390 363 1443 sivc
375 1397 519 1460 utrumque
531 1388 647 1459 luppiter

105 1463 185 1519 simul
199 1464 332 1518 secundus
346 1464 481 1520 incidisset
493 1464 521 1518 in
534 1463 641 1534 podem;

105 1556 190 1612 neque
202 1538 257 1593 ulla
270 1546 329 1593 vota
343 1538 489 1594 litoralibus
502 1537 554 1592 diis

104 1615 155 1668 sibi
168 1631 226 1668 esse
238 1612 313 1679 lacta,
328 1631 414 1686 quum
428 1614 528 1669 veniret
540 1632 555 1668 a
569 1629 640 1668 marc

105 1689 251 1745 novissimo
262 1688 336 1743 huno
348 1688 381 1743 ad
394 1705 481 1761 usque
493 1688 635 1759 limpidum
650 1687 746 1742 lacum.

105 1763 156 1818 Sed
168 1765 233 1818 hacc
245 1763 319 1834 prius
332 1761 418 1818 fuere:
441 1780 513 1817 nunc
525 1762 656 1817 recondita

105 1846 178 1894 senet
189 1838 285 1910 quiete,
301 1854 383 1910 seque
394 1837 497 1892 dedicat
509 1837 567 1901 tibi,

104 1913 215 1986 gemelle
228 1912 328 1977 Castor,
343 1920 369 1966 et
380 1912 492 1986 gemelle
505 1911 629 1970 Castoris.

298 2042 326 2083 V.
352 2041 398 2083 Ab
415 2041 586 2084 Luscum.

140 2125 290 2198 Vivamus,
305 2149 363 2187 mea
375 2131 479 2195 Lesbia,
494 2137 573 2202 atque
585 2147 714 2192 amemus,

105 2225 277 2279 rumoresque
289 2224 384 2262 senum
397 2206 559 2262 severiorum

104 2300 196 2338 omnes
208 2283 292 2337 unius
304 2283 474 2337 aestimemus
486 2279 564 2334 ossis.

104 2357 176 2413 Soles
188 2356 306 2412 occidere
318 2365 344 2410 et
355 2355 439 2411 redire
451 2362 575 2426 possunt:

104 2433 190 2497 nobis,
206 2448 293 2504 quum
306 2429 386 2485 semel
399 2429 494 2486 occidit
505 2429 594 2482 brevis
608 2427 664 2492 lux,

105 2525 157 2562 nox
170 2515 209 2562 est
221 2513 346 2578 perpetua
361 2523 412 2562 una
425 2502 588 2559 dormiendo.

104 2583 139 2637 Du
153 2587 191 2637 ml
205 2581 279 2637 basia
292 2579 374 2644 mille,
389 2579 484 2633 deinde
496 2585 610 2640 centum,

105 2657 164 2712 dein
178 2656 253 2712 mille
267 2653 355 2718 altera,
371 2654 433 2708 dein
446 2651 562 2717 secunda
575 2658 691 2715 centum,

798 169 815 220 5

858 286 869 328 5
