2030 3040
271 174 342 228 LIB.
364 174 386 228 1.
416 171 529 228 ELEG.
550 171 619 227 Xll.
772 177 820 228 465
925 235 926 238 ¹

71 297 155 354 quam
166 287 239 335 vaoet
249 280 355 336 alterius
365 281 476 336 blandos
486 280 578 335 audire
587 297 709 336 susurros

110 353 223 410 molliter
233 355 261 410 iu
270 357 347 410 taoila
356 354 430 410 litore
439 355 623 427 oompositam3

71 438 101 485 ut
112 428 177 484 solet
186 437 271 484 amoto
281 428 334 485 labi
345 429 451 484 custode
460 429 548 502 puella
576 437 579 440 '

108 503 218 576 perfida,
231 521 384 559 eommunes
395 521 442 558 nec
451 504 604 558 meminisse
614 503 689 571 deos3

71 597 125 635 nou
135 579 199 650 quia
208 586 341 650 perspecta
352 595 404 632 non
415 596 443 632 es
453 578 520 632 mihi
530 577 633 650 ooguita
643 577 725 645 fama,

108 653 155 708 sad
165 653 237 726 quod
247 653 275 708 in
285 653 335 708 hae
343 653 430 707 omnis
439 660 511 724 parte
520 651 627 706 timetur
638 669 721 706 amor.

70 731 193 802 Ignoscas
205 727 294 800 igitur,
307 729 330 782 si
340 727 408 800 quid
417 727 465 780 tibi
476 727 548 782 triste
558 726 641 780 libelli

109 801 242 856 attulerint
251 803 345 857 nostri:
367 801 445 872 culpa
455 802 556 856 timoris
566 805 624 856 erit.

70 876 113 932 Au
123 876 190 930 mihi
200 876 235 930 sit
244 877 327 931 maior
336 893 410 931 carae
419 875 536 930 ouslodia
546 877 646 941 matris,

108 958 154 1006 aut
163 951 254 1005 sinete
264 952 332 1006 vitae
340 967 402 1006 eura
412 951 446 1004 sil
454 949 508 1006 ulla
522 950 612 1006 meae?

70 1026 112 1080 Tu
121 1025 188 1080 mihi
198 1024 253 1080 sola
262 1025 366 1090 domus,
378 1033 416 1090 tu,
429 1025 552 1099 Cynthia,
565 1025 619 1081 sola
629 1033 757 1098 parentes,

107 1100 196 1154 omnia
205 1108 232 1154 tu
244 1109 346 1155 nostrae
355 1107 471 1172 tempora
481 1099 600 1155 laetitiae.

70 1175 122 1230 Seu
132 1174 213 1228 tristis
224 1175 338 1238 veniam,
351 1189 399 1228 seu
408 1180 496 1228 oontra
506 1173 589 1228 laetus
599 1175 700 1240 amicis,
846 1187 870 1230 25

107 1248 242 1322 quidquid
251 1265 303 1313 ero,
316 1247 412 1311 dicam,
424 1247 538 1320 Cynthia
547 1265 625 1302 causa
635 1247 694 1302 fuit.

70 1325 111 1379 Tu
121 1324 199 1379 modo
209 1321 409 1393 quamprimum
419 1327 553 1392 eorruplas
563 1320 651 1374 desere
660 1321 748 1375 Baias:

106 1397 199 1453 mullis
209 1397 259 1450 ista
269 1395 371 1449 dabunt
380 1393 455 1448 litora
465 1393 617 1454 dissidium,

69 1467 153 1538 litora,
166 1487 235 1544 quaa
244 1469 351 1526 luerunt
360 1468 438 1524 eastis
448 1468 555 1523 inimica
564 1467 670 1538 puellis.

107 1545 148 1601 Ah
159 1552 266 1618 pereant
275 1545 358 1610 Baiae,
370 1543 470 1599 crimen
481 1543 586 1607 amoris,
600 1558 693 1613 aquae.

317 1671 478 1716 ELEGIA
508 1671 571 1714 xli.

70 1756 150 1831 Quid
159 1763 226 1816 mihi
235 1762 351 1817 desidiae
360 1779 413 1817 nou
424 1779 509 1817 cessas
523 1762 621 1835 fingere
630 1776 738 1827 emmau,

108 1836 179 1909 quod
188 1835 265 1892 faeiat
275 1837 351 1892 uobis
361 1835 464 1892 conscia
474 1838 555 1892 Roma
566 1835 685 1891 moram?

68 1915 134 1969 Tam
145 1911 228 1967 mulla
238 1911 283 1967 illa
293 1929 351 1968 meo
360 1911 446 1968 divisa
456 1919 495 1966 est
505 1911 588 1966 millia
600 1910 672 1977 lecto,

6 2045 7 2052 χ
106 1994 205 2060 quanta
214 1987 332 2062 Hypanis
342 1988 439 2043 Veneto
447 1986 557 2042 dissidet
565 1986 693 2055 Eridan03

68 2080 116 2119 neo
125 2063 191 2118 mihi
202 2071 338 2118 oonsueloe
348 2062 472 2134 amplexu
483 2062 565 2116 nutrit
575 2079 675 2117 amores
858 2077 869 2118 5

105 2137 228 2211 Cynthia,
241 2153 288 2193 neo
298 2145 385 2193 nostra
394 2137 480 2192 duleis
490 2138 518 2194 in
528 2153 592 2192 aure
601 2145 685 2192 sonat.

68 2212 139 2267 Olim
149 2219 239 2284 gratus
249 2229 334 2278 eram;
356 2229 409 2267 nou
419 2211 465 2265 illo
475 2217 589 2282 iempore
599 2212 724 2282 cuiquam

105 2285 221 2359 eontigit,
233 2291 263 2340 ut
273 2285 355 2340 simili
364 2292 452 2357 posset
460 2301 548 2338 amare
558 2284 619 2338 fide.

67 2358 303 2415 Invidiaofuimus.
343 2356 658 2414 Nummedeusobruit‘?
678 2376 789 2431 anquae

104 2433 169 2489 lecta
178 2433 338 2490 Prometheis
347 2432 443 2488 dividit
452 2433 533 2487 herba
547 2431 637 2506 iugis‘l
842 2445 867 2487 lo

68 2510 126 2564 Non
136 2526 197 2563 sum
207 2525 264 2582 ego,
277 2507 325 2580 qui
334 2506 449 2563 fueram:
465 2513 548 2562 mutat
558 2507 602 2561 via
612 2506 690 2580 longa
698 2508 810 2579 puellas.

104 2582 224 2649 Quantus
235 2583 263 2637 in
274 2583 370 2655 exiguo
379 2591 494 2654 tempore
504 2581 573 2655 fugit
582 2583 668 2636 amor!

68 2658 144 2711 Nunc
152 2659 269 2730 primum
280 2657 371 2732 longas
381 2657 453 2714 solus
463 2673 618 2731 cognoscere
632 2663 717 2712 noctes
