2030 3040
157 135 204 189 tat
384 129 490 185 ALBll
509 131 668 186 TIBULLI

155 237 266 302 Phoebe,
278 252 364 292 sacms
373 236 545 293 Messalinum
557 237 615 292 sine
622 245 728 310 tangere
736 240 839 294 chartas

193 311 270 376 vatis,
281 311 379 382 etipse,
389 328 489 382 precor,
501 311 568 383 quid
577 319 652 366 canet
661 312 715 378 ille,
727 313 800 368 doce.

155 387 223 440 Haec
231 384 302 438 dedit
310 383 412 440 Aeneae
420 393 509 450 sortes,
520 393 661 456 postquam
671 385 716 441 ille
727 393 862 458 parentem

101 470 127 514 2⁰
193 458 289 513 dicitur
298 466 323 513 et
333 466 419 530 reptes
428 459 587 514 sustinuisse
596 461 684 525 Lares,

155 549 204 588 nec
212 531 266 586 iore
274 533 394 587 credebat
402 533 522 597 Romam,
534 551 619 605 quum
630 543 746 589 moestus
755 534 789 590 ab
798 534 849 590 alte

193 605 259 661 Ilion
271 605 390 661 ardentes
398 608 588 679 respiceretque
598 606 673 663 deos:

155 679 297 753 (Romulus
307 687 424 735 aeternae
433 680 553 735 nondum
561 679 718 737 formaverat
727 682 803 736 urbis

193 754 305 818 moenia,
317 753 429 810 consorti
438 770 491 810 non
501 753 643 809 habitanda
653 756 748 823 Rem0;

101 839 126 883 25
156 828 203 883 sed
213 835 276 883 tunc
284 827 425 898 pascebant
433 827 544 883 herbosa
554 826 651 883 Palatia
661 847 763 894 vaccae,

193 909 218 956 et
228 901 331 956 stabant
340 901 574 957 humilesinlovis
583 919 642 958 arce
651 920 735 958 casae.

155 977 232 1030 Lacte
241 975 350 1030 madens
359 974 414 1030 illic
423 975 528 1031 suberat
536 978 588 1031 Pen
600 976 668 1032 ilicis
677 978 795 1040 umbrae,

193 1057 218 1104 et
227 1048 292 1104 facte
302 1049 397 1122 agresti
408 1049 494 1123 lignee
504 1049 568 1105 falce
577 1050 665 1118 Pales;

156 1123 337 1196 pendebatque
347 1124 408 1196 vagi
418 1125 529 1196 pastoris
538 1125 567 1180 in
578 1125 670 1180 arbore
678 1133 770 1180 vetum

102 1209 128 1252 tu
194 1196 301 1270 garrula
310 1197 424 1254 silvestri
435 1199 523 1255 fistula
532 1216 605 1254 sacra
614 1199 671 1263 deo,

157 1271 254 1337 fistula,
266 1274 309 1326 cui
319 1289 422 1345 semper
431 1273 555 1330 decrescit
563 1273 701 1328 arundinis
711 1271 787 1338 ordo,

194 1364 256 1400 nam
265 1345 382 1402 calamus
391 1365 448 1404 cera
458 1348 579 1422 iungitur
587 1365 674 1420 usque
683 1347 779 1402 minor.

156 1419 253 1492 Atque
263 1420 367 1476 Velabri
377 1423 449 1496 regio
458 1431 536 1494 patet,
553 1421 699 1476 iresclebat

194 1495 307 1567 exiguus
316 1495 393 1566 pulsa
402 1514 449 1568 per
459 1497 525 1552 vada
535 1495 612 1549 linter
620 1512 699 1566 aqua.

103 1579 127 1622 35
158 1567 205 1623 Ille
215 1586 292 1640 saepe
300 1571 388 1644 gregis
398 1571 460 1625 ditis
470 1568 596 1640 placitura
605 1567 732 1640 magistro

194 1641 227 1696 ad
237 1643 360 1699 iuvenem
371 1644 434 1698 testa
444 1650 482 1696 est
491 1649 562 1698 vecta
572 1640 660 1712 puella
670 1640 721 1705 die,

157 1733 218 1772 cum
228 1734 282 1790 qua
291 1717 396 1773 fecundi
406 1716 538 1771 redierunt
547 1733 656 1770 munera
670 1715 749 1780 miris,

195 1807 286 1846 caseus
296 1799 321 1845 et
331 1792 422 1846 niveae
431 1789 559 1845 candidus
569 1807 655 1861 agnus
664 1789 742 1860 ovis.)

156 1866 288 1938 »Impiger
297 1864 392 1928 Aenea,
407 1862 539 1919 volitantis
549 1862 626 1916 frater
635 1863 749 1925 Amoris

102 1947 129 1994 te
195 1939 287 1993 Troica
295 1939 343 2009 qui
352 1936 471 2010 profugis
481 1955 554 1991 sacre
563 1936 638 1990 vehis
648 1935 758 1999 ratibus,

157 2015 210 2069 iam
221 2013 268 2066 tibi
277 2012 419 2064 Laurentes
428 2010 548 2083 adsignat
557 2009 653 2080 Iupiter
662 2027 751 2082 agros3

195 2084 566 2156 iamvccatcrranteshespita
575 2083 740 2138 terraLaree.

158 2160 215 2216 ulio
223 2166 328 2214 sanetus
337 2158 398 2224 eris,
410 2176 496 2231 quum
506 2166 530 2214 te
539 2157 687 2213 veneranda
697 2157 804 2213 Numici

194 2233 266 2288 unda
276 2232 355 2288 deum
364 2233 435 2290 ccelc
444 2234 545 2289 miserit
554 2232 708 2306 Indigetem.

103 2319 129 2364 45
158 2310 224 2364 Ecce
233 2325 313 2379 super
322 2306 403 2364 fessas
413 2308 503 2365 volitat
513 2308 625 2365 Victoria
634 2324 750 2380 puppes;

69 2448 75 2457 ‚
195 2382 766 2454 tandemadTroienesdivesuperbavenit.

158 2459 224 2514 Ecce
234 2457 301 2513 mihi
312 2456 399 2514 lucent
408 2457 514 2514 Rutulis
523 2457 644 2513 incendia
653 2457 758 2512 cestris:

196 2533 250 2587 iam
259 2532 307 2587 tibi
316 2533 446 2604 praedico,
458 2533 569 2588 barbare
578 2533 675 2598 Turne,
690 2547 790 2586 necem.

159 2607 225 2664 Ante
234 2605 323 2664 oculos
332 2609 449 2666 Laurens
459 2615 574 2666 castrum
584 2623 731 2680 murusque
740 2603 834 2662 Lavini
843 2609 891 2670 est,
