2030 3036
214 180 247 232 34
500 173 671 230 CATULLI

253 301 324 341 nunc
337 284 364 338 in
377 283 525 356 quadriviis
537 292 562 338 et
574 284 718 357 angiportis

252 358 340 434 glubit
353 359 536 432 magnanimos
549 358 624 412 Remi
638 365 752 430 nepotes.

342 505 413 548 alx.
436 506 483 549 DE
498 505 595 548 RUFA
611 505 658 548 ET
675 504 829 548 RUFULO.

292 587 471 652 Bononiensis
483 595 551 650 Rufa
564 593 693 649 Rufulum
706 592 785 659 fellat,

253 689 321 727 uxor
333 672 447 735 Meneni,
462 687 539 741 saepe
551 685 633 741 quam
646 669 675 722 in
687 668 840 740 sepulcretis

253 745 358 800 vidistis
371 747 429 816 ipso
440 760 531 814 rapere
543 742 576 797 de
589 759 652 816 rogo
663 758 781 809 coenam,

253 837 339 893 quum
352 818 507 874 devolutum
519 835 553 872 ex
566 819 627 890 igne
639 833 803 890 prosequens
815 835 910 890 panem

254 896 288 950 ab
300 895 426 950 semiraso
439 892 592 948 tunderetur
606 899 702 946 astare.

506 1039 671 1082 LX.·¹¹

291 1121 370 1186 Num
382 1139 407 1186 te
420 1131 508 1186 leaena
522 1131 657 1186 montibus
670 1131 825 1204 Libystinis,

254 1214 301 1261 eut
313 1205 400 1280 Scylla
414 1205 512 1262 latrans
525 1206 616 1261 infima
629 1205 773 1279 inguinum
785 1213 867 1276 parte,

254 1289 309 1335 tem
322 1288 409 1336 mente
420 1281 486 1336 dura
499 1282 645 1354 procreavit
657 1297 687 1335 ao
699 1287 772 1342 tetra,

254 1363 285 1410 ut
297 1355 424 1427 supplicis
437 1373 528 1412 vocem
541 1358 569 1411 in
584 1355 729 1412 novissimo
741 1371 804 1408 casu

255 1438 412 1486 contemtam
425 1431 544 1496 haberes,
560 1430 593 1485 ah
607 1431 688 1484 nimis
701 1429 755 1482 iero
766 1426 861 1482 oorde‘?

247 1576 319 1620 nxl.
342 1576 382 1620 ΙΝ
397 1573 565 1620 NUPTlas
585 1569 778 1616 lucianam
793 1569 934 1612 ΜΑΝΗΙ.

348 1659 435 1722 Collis
447 1681 464 1718 o
475 1662 603 1718 Heliconii

347 1741 440 1803 onlmr,
454 1738 566 1792 Uraniae
577 1753 672 1810 genus,

348 1814 396 1886 qui
410 1813 480 1883 rapis
492 1820 608 1866 tenerem
621 1811 757 1866 advirum

350 1887 494 1958 Virginem,
507 1903 525 1940 o
536 1887 686 1958 Hymenaee
698 1883 811 1955 Hymen,

385 1963 488 2033 Hymen
501 1977 518 2014 o
530 1961 692 2033 Hymenaee:

348 2087 424 2157 cinge
437 2094 553 2154 tempora
565 2081 674 2137 floribus

349 2158 523 2215 suaveolentis
535 2156 658 2212 amaraci.

347 2234 514 2290 Flammeum
526 2248 603 2304 capo:
626 2230 708 2286 laetus
721 2228 785 2290 huc,

349 2310 403 2364 huc
415 2309 486 2374 veni,
500 2308 579 2363 niveo
590 2323 685 2380 gerens

391 2384 491 2440 luteum
504 2381 570 2455 pede
582 2397 702 2450 mecum,

349 2511 504 2584 excitusque
515 2506 594 2562 hilari
606 2505 658 2570 die,

350 2584 477 2658 nuptialia
488 2583 629 2639 concinens

350 2679 413 2716 voce
425 2660 541 2715 earmina
554 2656 666 2716 unnrrie,
