2030 3040
264 164 336 220 LlB.
356 166 394 220 11.
424 166 539 221 ELEG.
562 167 608 222 Vl.
759 171 808 226 425

100 279 159 327 ante
168 287 231 326 suos
240 288 334 327 currus
342 273 439 345 oppida
448 276 516 329 vieta
526 273 597 340 feret,

63 345 721 480 ipliill'irllmllllllllilliffll’u

63 496 138 550 Tune
147 493 258 550 Messala
267 438 343 549 maill'ue
356 496 400 566 pia
408 463 452 550 det
460 441 730 567 specuollae’tlllles

100 577 125 623 et
133 568 241 640 plaudat
250 585 330 622 curru
343 577 519 640 praetereunte
527 577 609 641 pater.
822 586 861 629 ιιι

63 642 171 710 Αάιιιιο;
186 643 225 696 sia
233 642 282 696 tibi
291 643 345 697 sint
355 643 461 708 intensi,
473 645 584 710 Phoebe,
597 646 694 717 capilli,

101 718 140 771 sie
147 725 192 772 tue
199 723 324 789 perpetuo
332 717 367 772 sit
376 717 423 772 tibi
433 725 502 773 easta
512 735 594 776 seror.

319 844 479 888 Etuela
507 845 552 890 Vl⁴

64 928 159 992 Castra
169 937 254 991 Maoer
262 935 395 1007 sequitur3
417 942 504 990 tenero
513 934 580 1006 quid
590 935 633 991 fret
641 937 750 994 Amori?

100 1010 139 1065 Sit
148 1027 243 1074 eomes,
255 1017 280 1064 et
288 1009 354 1065 eollo
363 1008 461 1064 fortiter
469 1027 542 1064 arma
552 1021 632 1084 gerat,

63 1092 96 1151 et,
108 1102 154 1138 seu
164 1083 242 1158 longa
252 1084 341 1139 virum
350 1091 432 1139 terrae
442 1086 493 1149 via,
505 1101 553 1138 seu
564 1102 629 1158 vaga
639 1085 735 1142 dueent

101 1175 221 1231 aequora,
232 1175 294 1212 eum
303 1157 361 1212 telis
370 1158 405 1212 ad
414 1157 482 1213 latus
492 1158 530 1212 ire
539 1158 625 1213 volet?

63 1233 122 1298 Ure,
133 1249 206 1303 puer,
218 1248 324 1303 quaeso,
337 1239 381 1287 tua
390 1233 437 1313 qui
447 1231 518 1286 ierus
526 1231 576 1286 otia
588 1232 674 1304 liquit,
848 1249 859 1290 5

100 1315 178 1377 atque
188 1307 283 1360 iterum
291 1322 412 1360 erronem
421 1306 472 1360 sub
481 1313 525 1360 tua
534 1305 611 1377 sigua
621 1323 693 1362 voca.

62 1380 139 1448 Quod
149 1381 172 1433 si
183 1379 313 1434 militibus
322 1395 422 1450 parares,
433 1380 482 1434 erit
491 1378 536 1432 hio
544 1395 651 1450 quoque
659 1379 744 1445 miles,

99 1455 156 1526 ipse
165 1453 250 1510 levem
259 1452 332 1527 galea
342 1453 390 1525 qui
399 1453 452 1508 sibi
461 1459 543 1525 portet
553 1469 659 1524 aquam.

62 1529 151 1585 Castra
161 1536 228 1599 peto,
241 1528 377 1600 valeatque
386 1527 484 1592 Venus,
498 1525 654 1598 valeantque
662 1527 777 1598 puellae,

99 1610 124 1657 et
133 1602 201 1656 mihi
210 1608 273 1657 sunt
284 1602 361 1666 vires,
372 1603 473 1656 etmihi
482 1599 547 1656 faeta
556 1601 677 1657 tubaest.
833 1616 858 1657 to

61 1678 156 1750 Magna
167 1676 271 1748 l0qu0r;
292 1675 339 1730 sed
349 1675 488 1748 magnifiee
497 1675 564 1728 milri
574 1691 671 1748 magna
681 1675 765 1732 locuto

98 1751 235 1805 excutiunt
243 1748 347 1804 clausae
355 1747 431 1803 fortia
441 1749 519 1804 verba
529 1747 607 1802 foroe.

61 1824 149 1880 iuravi
160 1824 271 1896 quoties,
283 1823 430 1878 mditurum
440 1822 475 1877 ad
484 1821 577 1876 limina
587 1825 739 1893 nunquam!

98 1897 188 1964 Quum
197 1897 369 1962 benammi,
382 1913 428 1968 pes
438 1903 524 1951 tamen
535 1896 592 1966 ipse
600 1895 676 1950 redit.

59 1971 126 2026 Acer
139 1970 229 2036 Amor,
242 1970 334 2026 fractas
344 1972 456 2036 utinam,
466 1977 511 2026 tua
521 1969 581 2034 tela,
593 1971 701 2044 sagittas
832 1985 857 2027 15

97 2043 596 2118 ilioetextinetasadspiciamqueiaoesl

59 2119 100 2173 Tu
111 2119 238 2174 miserum
248 2126 363 2191 torques,
375 2128 403 2174 tu
414 2137 457 2174 me
465 2120 532 2174 milri
541 2119 598 2174 dira
608 2120 707 2189 precari

96 2193 178 2264 mgis,
189 2199 215 2246 et
224 2193 316 2246 insana
326 2201 412 2247 mente
421 2191 532 2248 nefanda
542 2191 625 2264 loqui.

58 2268 115 2321 lam
126 2264 322 2318 mala'finissem
334 2264 393 2329 leto,
404 2265 451 2318 sed
459 2264 565 2319 credula
575 2266 656 2320 vitam

96 2355 157 2410 apes
167 2336 244 2401 fovet,
255 2344 281 2391 et
289 2337 385 2391 melius
394 2354 451 2391 eras
460 2335 514 2391 fora
523 2353 626 2407 semper
635 2339 680 2392 ait.
831 2353 857 2396 ιο

57 2413 123 2485 Spoe
134 2410 180 2466 alit
189 2409 324 2484 agrieolas,
336 2427 395 2482 spes
405 2409 486 2464 sulcis
495 2409 576 2464 eredit
585 2411 664 2465 aratis

95 2486 206 2551 semina,
219 2502 287 2557 quae
297 2501 393 2558 magno
402 2483 504 2540 foenore
513 2483 603 2540 reddat
612 2501 683 2556 ager.

56 2560 126 2614 llaec
136 2559 230 2632 laqueo
240 2559 366 2624 volucres,
379 2559 443 2614 haee
451 2565 535 2629 eaptat
544 2560 674 2614 arundine
682 2560 776 2632 pisces,

95 2651 181 2706 quum
191 2643 283 2690 tenues
293 2634 385 2690 hames
394 2632 496 2690 abdidit
504 2640 563 2688 ante
572 2634 658 2690 uibus.
