2020 3036
168 144 201 195 to
332 137 541 197 CARMINUM
561 135 686 196 LIBER.

169 250 238 302 Nam
247 265 333 320 neque
346 255 399 302 tam
412 260 502 303 carum
515 247 629 304 conlecto
642 255 722 304 aetate
733 253 834 321 parenti

114 333 153 376 120
203 337 257 376 uno
270 328 347 394 caput
359 322 409 376 seri
421 329 480 376 nata
493 323 592 394 nepotis
605 322 663 391 alit;
896 319 899 324 ’

169 397 216 466 qui
229 413 324 467 quum,
339 395 439 450 divitiis
450 396 496 452 vix
509 397 615 451 tandem
628 398 751 452 inventus
765 400 851 465 avitis,

206 486 302 524 nomen
315 477 419 524 testatas
433 469 521 524 intulit
534 471 561 524 in
574 470 687 536 tabulae,

170 545 251 614 impia
265 543 345 598 derisi
357 543 463 617 gentilis
475 544 572 617 gaudia
584 543 687 610 tollens,

206 619 340 672 suscitata
353 633 417 672 cano
430 617 576 672 tulturium
589 618 681 688 capiti:

115 702 154 745 125
168 708 216 747 nec
228 699 329 746 tantum
342 691 420 747 niveo
431 692 522 763 gavisa
536 699 574 746 est
587 692 641 747 ulla
653 691 776 747 columbo

206 781 321 836 compar,
336 777 405 836 quae
417 765 500 820 multo
512 766 608 820 dicitur
621 766 767 838 improbius

169 839 258 894 oscula
268 839 397 894 mordenti
410 855 513 910 semper
524 839 660 912 decerpere
670 849 764 909 rostr03

207 927 371 985 quamquam
384 914 523 984 praecipue
535 913 672 969 multivola
685 921 723 969 est
736 914 840 971 mulier.

170 987 221 1042 Sed
232 995 261 1041 tu
273 987 369 1042 horurn
382 1003 492 1060 magnos
503 988 588 1042 vicisti
601 987 656 1044 eolo
665 987 774 1054 larome,

117 1071 155 1114 tto
203 1069 233 1116 ut
245 1061 325 1115 semel
338 1077 366 1116 es
379 1060 447 1116 ssavo
459 1062 593 1118 conciliata
607 1063 673 1118 viro.

173 1134 227 1190 Aut
240 1135 307 1190 nihil
321 1143 367 1190 aut
378 1135 468 1207 paullo
481 1137 524 1190 oni
537 1145 566 1192 tu
579 1137 718 1192 concedere
730 1137 819 1211 digna,

209 1209 256 1264 lux
269 1227 327 1264 mea
339 1225 368 1265 se
380 1217 500 1264 nostrum
513 1211 623 1265 contulit
635 1211 663 1266 in
676 1213 820 1284 gremium3

171 1301 253 1354 quam
266 1285 477 1339 circumcursans
489 1285 553 1339 hino
565 1285 639 1340 illinc
651 1301 727 1356 saepe
739 1285 842 1356 Cupido

208 1357 326 1431 fulgebat
336 1359 437 1414 crocina
451 1359 580 1414 candidus
593 1360 621 1414 in
634 1360 733 1414 tunica.

117 1441 156 1483 135
169 1431 241 1498 Quae
251 1435 386 1488 tamenetsi
400 1449 454 1488 uno
466 1449 519 1488 non
532 1441 571 1487 est
582 1440 700 1487 contenta
714 1433 824 1496 Catulle

208 1524 265 1560 rara
276 1506 438 1562 verecundae
450 1506 519 1561 lurta
529 1507 643 1562 feremus
654 1505 744 1575 herae3

171 1597 204 1634 ne
217 1580 331 1634 nimium
341 1582 427 1636 simus
439 1580 578 1635 stultorum
593 1595 664 1634 more
677 1579 788 1635 molesti.

208 1653 289 1725 Saepe
300 1657 379 1710 etiem
392 1657 466 1720 luno,
482 1656 599 1710 maxima
609 1653 770 1720 coelicolum,

171 1729 291 1802 coniugis
305 1729 331 1784 in
345 1730 423 1802 culpa
435 1728 587 1802 llagrantem
600 1730 739 1802 concoquit
751 1729 828 1794 iram,

117 1809 156 1854 tto
207 1819 317 1858 noscens
329 1803 456 1859 omnivoli
469 1803 585 1874 plurima
598 1803 666 1858 furta
680 1804 758 1858 lovis.

171 1877 252 1948 Atqui
266 1895 313 1932 neo
325 1879 395 1934 divis
405 1878 526 1932 homines
536 1877 685 1947 componier
697 1891 813 1947 aequum
825 1886 877 1946 est3

210 2101 345 2172 Ingratum
358 2097 464 2152 tremuli
474 2095 534 2150 tolle
543 2096 658 2168 parentis
670 2112 747 2150 ouus.

171 2176 224 2227 Nec
236 2181 323 2226 tamen
337 2170 382 2225 illa
395 2166 462 2224 mihi
476 2170 566 2226 dextra
576 2169 686 2226 deducta
698 2177 805 2242 paterna

208 2246 365 2318 fragrantem
379 2245 489 2320 Aaspio
500 2242 574 2300 ve'nit
585 2245 663 2301 odore
675 2244 799 2314 domum;

118 2329 156 2374 145
169 2319 216 2375 sed
227 2319 324 2374 furtiva
337 2319 410 2376 dedit
422 2322 489 2376 mira
502 2319 662 2376 munuscula
675 2327 757 2385 nocte,

210 2394 293 2464 ipsius
303 2411 335 2449 ex
348 2395 406 2467 ipso
417 2395 521 2468 dempta
535 2396 585 2451 viri
598 2396 708 2470 gremio.

171 2468 258 2535 Quare
267 2467 335 2524 illud
348 2472 410 2525 satis
423 2479 470 2536 est,
485 2472 509 2525 si
522 2471 598 2526 nobis
611 2471 634 2524 ie
647 2470 816 2535 dannanus,

208 2559 288 2614 quem
302 2543 389 2616 lapide
403 2544 448 2601 illa
460 2547 530 2600 diem
544 2544 694 2601 candidiore
708 2551 786 2600 notat.

172 2617 225 2672 lloe
237 2619 295 2683 tibi,
310 2620 382 2692 quod
394 2622 477 2693 potui,
492 2619 638 2678 conlectam
650 2619 766 2676 cennine
777 2632 879 2674 munna
