2030 3040
266 131 336 183 ΗΒ.
358 131 378 182 Ι.
410 130 524 184 ELEG.
545 133 594 185 lV.
755 134 803 186 ⁴57

54 238 122 290 dum
133 254 175 290 mo
186 236 309 290 iucundis
320 236 421 307 lapsam
429 254 506 308 sopor
520 237 626 308 impulit
634 239 692 292 alis.
831 247 857 292 45

94 310 139 365 {lla
151 309 201 365 suit
211 310 326 364 lacrimis
337 311 430 366 ultima
440 329 503 366 cum
516 313 611 366 mein«

312 489 473 534 ELEGIA
503 491 548 534 IV.

57 596 136 671 Quid
145 605 212 660 mihi
222 612 276 659 tam
285 603 382 658 multas
393 604 532 668 laudando,
545 607 631 670 Basse,
644 606 745 676 puellas

94 687 225 734 mutatum
235 679 341 734 domina
351 679 423 752 cogis
432 679 504 733 abire
513 679 589 734 mea?

56 753 128 820 Quid
138 771 180 807 me
190 772 242 808 non
253 753 358 825 potoris,
371 753 439 808 vitec
449 753 628 825 quodcunque
636 764 770 827 sequetur,

94 829 144 882 hoc
154 829 238 901 magis
248 828 356 883 adsueto
364 829 459 883 ducere
471 827 596 883 servitio?

57 904 97 956 Tu
108 902 166 957 licet
176 903 302 973 Antiopae
309 901 421 957 formam
432 903 580 976 Nycteidos,
593 911 618 956 et
627 912 656 958 tu

93 976 248 1048 Spartanam
257 977 352 1032 micros
362 976 486 1032 laudibus
496 978 662 1042 Hermionen,

55 1060 81 1104 ct
91 1069 263 1124 quascunque
272 1051 332 1106 ulit
341 1050 448 1107 formosi
458 1053 583 1124 temporie
593 1061 675 1108 aetas:

93 1125 208 1199 Cynthia
218 1144 270 1180 non
282 1125 340 1180 illas
351 1142 447 1180 nomen
457 1126 552 1180 habere
561 1127 643 1194 sinet;

57 1200 165 1264 nedum,
176 1201 198 1254 si
209 1199 313 1254 levibus
323 1199 401 1254 suerit
409 1199 501 1254 collata
511 1200 614 1272 figuris,

94 1273 199 1330 inferior
209 1273 276 1329 duro
285 1273 372 1327 iudice
382 1273 466 1343 turpis
478 1284 528 1328 cat.

56 1351 123 1403 Haec
133 1348 179 1402 sed
189 1347 271 1402 forma
283 1349 334 1400 mci
344 1363 404 1418 pers
414 1355 453 1400 est
461 1355 577 1400 extrema
588 1345 696 1402 furoris:
709 1376 712 1382 =

93 1421 273 1486 summeium,
285 1421 394 1493 quibus,
406 1421 493 1483 Basse,
505 1420 590 1491 perire
602 1421 689 1476 iuvat:

56 1500 189 1572 ingenuus
199 1497 281 1561 celos,
293 1504 319 1550 et
329 1493 420 1550 multis
429 1494 509 1549 decus
518 1495 627 1560 artibus,
642 1504 667 1549 ct
677 1514 745 1567 quae

92 1572 190 1646 gaudia
199 1573 250 1625 sub
261 1578 335 1625 tecua
346 1570 440 1626 ducere
451 1578 520 1623 vente
530 1567 605 1623 libet:

54 1665 109 1718 quo
121 1647 206 1718 magis
214 1654 240 1698 et
249 1653 350 1698 nostros
359 1643 494 1698 contendis
503 1642 604 1698 solvere
613 1660 724 1707 amores,

93 1722 143 1774 hoc
153 1720 238 1792 inagis
247 1726 350 1789 accepte
360 1716 426 1771 fallit
436 1725 546 1789 uterque
555 1717 616 1772 fide.

55 1797 115 1849 Non
127 1794 235 1864 impune
243 1790 319 1847 feres.
357 1791 425 1847 Sciet
434 1791 485 1846 hoc
494 1792 586 1846 insana
595 1790 691 1862 puella,

92 1875 118 1922 et
128 1867 174 1921 tibi
185 1883 238 1922 non
249 1867 333 1922 tacitis
342 1865 452 1922 vocibus
461 1867 544 1920 hostis
553 1867 615 1921 erit:

55 1960 103 2000 nec
113 1942 160 1996 tihi
172 1961 214 1997 mc
223 1950 281 2014 post
291 1943 354 1997 hoco
362 1942 506 1996 committet
518 1941 641 2015 Cynthia,
653 1950 736 1996 necte

91 2026 212 2090 quaeret:
233 2021 281 2072 erit
289 2018 351 2072 tanti
363 2017 483 2072 criminis
495 2016 539 2070 illa
552 2033 660 2079 memor,

54 2101 113 2148 etto
125 2093 224 2147 circum
233 2109 325 2147 omncs
334 2092 399 2146 elias
410 2092 473 2146 irctn
482 2090 584 2162 puellas

92 2166 204 2222 differet:
225 2167 278 2222 heu
289 2166 363 2222 nullo
373 2166 466 2220 limine
474 2183 551 2219 carus
562 2165 624 2220 eris.

55 2241 148 2297 Nullas
158 2241 203 2295 illa
212 2257 269 2295 suis
278 2248 425 2296 contemnet
434 2239 538 2293 fletibus
548 2257 615 2302 aras,

91 2324 117 2370 et
125 2315 279 2388 quicunque
287 2329 368 2377 sacer,
379 2313 477 2385 qualis,
488 2313 598 2384 ubique,
611 2311 685 2382 lapis.

54 2394 113 2446 Non
124 2389 178 2445 ullo
187 2389 296 2463 gravius
307 2396 419 2450 tentatur
427 2387 542 2461 Cynthia
555 2387 661 2450 domno,

91 2483 173 2537 quam
183 2464 235 2518 sibi
243 2479 329 2536 quum
339 2471 412 2535 rapto
421 2471 504 2516 cessat
513 2479 601 2517 amore
609 2461 688 2516 deus:

54 2540 192 2614 praecipue
202 2539 293 2594 nostri.
333 2535 709 2609 Monentsicsemper,cdoroz

92 2631 139 2669 nec
149 2614 297 2687 quidquam
307 2631 339 2669 ex
350 2612 404 2677 iun
416 2611 489 2684 quod
499 2630 603 2684 querar,
616 2612 760 2666 inveniam.
