2040 3030
153 175 203 231 206
417 175 628 265 PROPERTII

100 291 126 334 ⁸0
193 279 284 336 nullus
294 279 361 336 liber
370 281 427 347 erit,
439 282 535 354 siquis
546 283 721 339 amarevolaa.

154 356 194 410 Tu
205 354 329 427 loqueris,
341 373 427 428 quum
437 358 474 410 sis
484 357 536 411 iam
546 364 606 413 noto
616 356 706 413 fabula
715 357 796 413 libro:

190 437 216 484 at
224 438 269 484 tua
279 430 313 484 sit
322 437 373 484 toto
383 430 495 504 Cynthia
506 431 569 486 lecta
577 430 650 486 foro?

154 503 204 559 Cui
214 521 267 559 non
277 504 319 559 his
329 504 417 559 verbis
427 505 564 579 adspergat
572 512 687 576 tempora
697 505 778 560 surdo

191 587 236 633 aut
245 578 329 650 pudor
338 579 471 651 ingenuus
479 587 526 634 aut
534 579 680 635 reticendus
691 578 782 635 amor‘?

100 662 126 706 85
155 652 231 720 Quod
240 653 264 706 si
274 660 326 707 tam
337 652 420 708 facilis
430 653 540 725 spiraret
549 653 664 727 Cynthia
673 653 759 719 nohis,

192 727 443 800 nonegonequitiae
452 727 552 782 dicerer
560 743 617 782 essa
625 735 712 800 eaput,

154 799 782 871 neosicpertoamiufamistraduoererurbom:

191 891 280 930 urerer
288 882 314 928 et
322 875 446 945 quamvis
456 876 571 941 nomine,
583 877 663 932 verba
671 876 771 932 darem.

153 949 239 1016 Quare
249 964 282 1002 ne
291 948 339 1001 tibi
349 949 383 1001 sit
393 949 490 1004 mirum
502 966 544 1003 me
553 967 677 1022 quaerere
685 949 764 1006 viles:

99 1034 126 1077 ⁹⁰
191 1021 297 1095 parcius
307 1021 446 1077 infamant:
468 1040 534 1076 num
543 1023 592 1078 tibi
601 1041 681 1079 causa
691 1023 775 1080 levis?

388 1147 552 1194 ELEGIA
579 1151 657 1196 xlx.

153 1235 217 1299 Hoo
225 1249 279 1298 arat
289 1241 315 1297 in
327 1242 421 1315 primis
430 1241 503 1314 quod
512 1259 555 1297 ma
563 1242 677 1316 gaudere
687 1244 814 1299 iubebas?

190 1319 255 1374 Tam
267 1324 292 1373 ta
300 1316 440 1373 formosam
450 1335 503 1373 non
512 1317 594 1390 pudet
602 1335 659 1373 essa
667 1318 770 1374 levem?

155 1393 210 1448 Una
220 1398 265 1448 aut
274 1391 353 1448 altera
363 1409 416 1448 nox
425 1391 544 1448 nondum
553 1393 630 1448 estin
640 1411 727 1448 amore
736 1403 847 1464 peracta,

190 1467 295 1522 aulient
305 1465 369 1522 laeto
378 1467 432 1522 iam
441 1467 531 1540 gravis
541 1485 597 1522 asse
606 1475 661 1522 tuo.

100 1554 111 1595 5
154 1542 194 1596 Me
203 1541 281 1596 modo
290 1541 426 1606 laudabas,
437 1549 463 1595 et
471 1541 588 1596 earmina
596 1549 682 1597 nostra
694 1541 810 1614 legebas:

191 1614 306 1670 illatum
315 1632 416 1686 pennas
424 1621 478 1670 tam
488 1615 539 1670 cito
546 1615 623 1671 vertit
631 1613 723 1670 amor?

153 1689 297 1746 emendat
304 1706 409 1745 meeum
420 1689 535 1763 ingenio,
547 1690 684 1745 mutendat
694 1698 720 1745 et
728 1697 790 1754 arte,

190 1765 321 1836 inprimis
333 1781 386 1820 una
395 1763 480 1819 diseat
488 1781 575 1820 amare
584 1763 676 1820 domo:

152 1839 176 1894 si
186 1838 292 1893 libitum
301 1838 349 1892 tibi
359 1837 417 1902 erit,
428 1840 555 1893 Lernaeae
564 1843 664 1908 pugnet
672 1837 706 1891 ad
714 1835 822 1908 hydras,

99 1923 125 1966 10
191 1908 731 1980 ettibiabflespariomaladraooneferat:

152 1995 215 2042 tetra
225 1999 326 2040 venena
335 1982 420 2036 libens
429 1990 455 2035 at
464 1981 608 2052 naufragus
617 1980 704 2033 ebibat
713 1978 807 2041 undas,

188 2066 214 2114 at
222 2071 360 2126 nunquam
369 2069 416 2124 pro
425 2060 449 2106 te
460 2052 633 2125 denegetassa
642 2052 734 2106 miser:

152 2134 232 2206 (quos
241 2129 342 2184 utinam
354 2126 382 2181 in
391 2125 477 2190 nobis,
489 2126 552 2192 vita,
563 2125 697 2197 experiare
706 2123 820 2198 laboras)

189 2207 242 2260 iam
251 2202 299 2257 tibi
308 2201 342 2257 da
352 2200 452 2256 timidis
464 2201 511 2256 iste
521 2208 656 2274 protervus
669 2201 728 2266 erit,

98 2293 123 2335 ¹⁵
153 2282 201 2353 qui
211 2276 357 2335 nunesein
367 2275 500 2332 tumidum
510 2276 628 2332 iactando
637 2276 709 2333 venit
717 2274 858 2331 honorem:

189 2353 331 2410 discidium
341 2352 417 2408 vobis
426 2352 564 2424 proximus
573 2369 660 2408 annus
670 2351 729 2408 erit.

151 2431 221 2487 Dura
230 2436 278 2495 est,
290 2446 358 2501 quae
368 2425 459 2484 multis
468 2427 623 2484 simulatum
632 2427 709 2501 fingit
718 2442 844 2491 amorem,

188 2503 577 2576 etseplusunisiquaparare
584 2509 676 2574 potest.

153 2581 187 2637 At
196 2598 239 2638 me
249 2597 301 2635 non
311 2585 380 2634 aetas
390 2578 503 2633 mutabit
512 2585 563 2633 tota
573 2575 698 2707 Silelaa

113 2666 125 2708 a
191 2674 244 2714 non
254 2654 327 2712 labor
336 2652 450 2720 Alcidae,
462 2669 516 2709 non
525 2652 601 2728 niger
612 2651 618 2664 ⁸
630 2651 654 2709 le
663 2650 731 2708 dies.
