2030 3040
203 143 250 194 464
466 140 678 195 PROPERTII

238 247 326 318 aooipe
335 248 491 303 oommissee
501 265 610 304 munere
621 248 740 304 laetitiae.

201 324 259 376 Non
269 321 357 376 solum
366 329 466 377 vestros
476 322 558 378 didici
567 324 672 378 retieere
681 323 796 378 dolores:

238 404 277 450 eet
287 395 415 468 quiddam
425 397 454 452 in
464 396 541 453 nobis
551 397 647 462 maius,
659 398 751 463 amioe,
763 398 824 452 fide.

147 481 172 524 15
202 472 313 525 Possum
324 488 372 544 ego
382 471 500 529 diversos
511 472 607 527 iterum
616 472 776 546 coniungere
785 482 913 542 emanue,

237 554 263 599 et
271 543 393 602 dominae
403 547 489 602 tardus
497 564 607 620 possum
616 547 716 618 aperire
725 547 805 602 soree:

201 628 226 674 et
234 637 344 691 possum
354 619 461 677 alteriue
472 639 548 678 curas
559 639 651 678 sunere
660 628 783 687 reoeutes,

238 712 286 750 nee
295 694 361 752 levis
371 696 400 751 in
410 697 499 752 verbis
508 703 547 752 est
556 696 685 751 medicina
695 696 772 751 meis.

200 769 314 844 Cynthia
324 787 367 825 me
376 769 465 826 docuit
472 787 584 842 semper,
599 787 773 843 quaeeunque
782 771 893 843 petenda

145 855 172 898 2⁰
240 861 362 917 quaeque
371 844 487 900 cavenda
495 844 668 908 forenttwnon
678 844 746 900 nihil
756 845 809 918 egit
818 846 910 901 Amor.

201 919 241 974 Tu
251 936 323 984 eave,
336 937 369 974 ue
377 919 445 973 tristi
455 920 546 991 cupias
556 935 676 993 pugnare
684 919 796 992 puellae,

238 1011 304 1050 neve
313 993 427 1064 superba
437 992 519 1068 loqui,
530 1010 599 1049 neve
605 1001 688 1048 tacere
700 993 761 1048 diu:

200 1085 262 1134 neu,
274 1069 296 1122 si
308 1067 375 1138 quid
384 1068 466 1139 petiit,
478 1069 579 1142 ingrata
589 1067 672 1124 fronte
682 1069 795 1142 negaris,

238 1159 290 1197 neu
299 1141 348 1197 tibi
357 1159 405 1214 pro
415 1159 483 1198 vano
493 1143 574 1198 verbe
583 1143 697 1216 benigue
711 1143 813 1198 cedent.

145 1229 170 1271 25
200 1217 393 1283 Irritatavenit‚
406 1217 766 1290 quendoeontemniturilla3

237 1309 285 1346 nee
294 1293 415 1348 meminit
426 1292 508 1349 iustas
517 1310 613 1366 ponere
623 1293 691 1348 laesa
700 1293 797 1346 mines.

199 1366 233 1422 At
242 1385 296 1439 quo
306 1369 343 1422 sis
353 1367 464 1423 humilis
473 1369 560 1442 magis
568 1376 594 1424 et
603 1368 736 1424 subieotus
746 1366 845 1432 Amori,

236 1442 287 1496 hoe
295 1443 482 1516 magiseffectu
490 1461 567 1516 saepe
576 1441 664 1499 fraere
672 1442 752 1498 bono.

199 1518 224 1571 is
233 1518 325 1588 poterit
334 1517 398 1572 felix
407 1535 461 1573 uua
471 1535 604 1573 remanere
612 1514 710 1589 puella,

145 1601 170 1644 30
238 1593 286 1664 qui
297 1609 436 1665 nunquam
445 1609 529 1650 vacuo
537 1599 639 1664 peotore
649 1590 715 1646 liber
724 1590 782 1645 erit.

452 1721 615 1764 ELEGIA
642 1719 691 1762 XI.

282 1765 292 1791 Ι

199 1806 309 1884 Ecquid
318 1822 342 1868 te
352 1813 446 1868 mediis
455 1819 608 1876 eessantem,
621 1811 745 1885 Cynthia,
756 1810 834 1872 Baiis,

236 1905 290 1958 qua
300 1888 365 1941 iaeet
374 1885 506 1940 Herculeis
516 1885 608 1938 semita
619 1884 749 1946 litoribus,

198 1972 223 2016 et
232 1960 310 2016 modo
321 1959 455 2028 Thesproti
466 1958 605 2011 mirantem
614 1955 719 2010 subdita
728 1971 809 2028 regno

234 2033 355 2107 proxima
364 2031 473 2087 Misenis
482 2046 595 2100 aequora
605 2028 749 2094 nobilibus,

144 2122 155 2164 5
199 2108 280 2164 nostri
289 2123 352 2161 cure
362 2105 434 2160 subit
443 2102 718 2159 memoresuhdueere
728 2101 832 2159 noctes?

235 2181 333 2254 Ecquis
343 2180 371 2236 iu
380 2186 497 2236 extremo
506 2185 584 2234 restat
592 2195 680 2234 amore
689 2177 780 2234 locus?

198 2258 239 2314 Au
250 2266 275 2312 te
284 2255 371 2312 nescio
381 2255 443 2328 quis
452 2253 584 2310 simuletis
594 2254 703 2328 ignibus
712 2254 796 2310 hostis

235 2331 365 2388 sustulite
375 2331 480 2396 nostris,
493 2329 617 2404 Cynthia,
628 2326 810 2386 carminibus?

197 2409 284 2482 Atque
293 2407 395 2462 utinam
404 2405 604 2481 mageteremi
613 2405 711 2464 oonfisa
719 2403 831 2462 minutis

145 2495 170 2537 ιο
236 2483 346 2557 parvula
355 2483 470 2538 Lueriue
478 2480 573 2556 cymba
584 2487 699 2535 moretur
708 2497 791 2552 equa:

199 2568 244 2615 aut
252 2565 336 2614 teneat
345 2556 462 2614 clausam
473 2556 544 2612 tenui
554 2555 721 2611 Teuthrantis
730 2555 759 2610 in
768 2553 839 2608 uude

236 2635 349 2690 alternae
358 2631 443 2688 facilis
452 2631 542 2688 cedere
551 2629 661 2706 lympha
672 2646 766 2686 manu:
