2040 3030
190 129 241 186 226
395 188 398 194 ,
459 129 671 187 PROPERTII

226 235 302 289 llecta
315 232 398 289 animi
408 235 527 306 primum
536 237 628 292 debuit
636 254 694 293 esse
703 240 757 294 via.

191 309 269 363 Nune
278 308 358 363 meris
368 309 396 362 in
407 317 510 365 tantum
519 318 598 367 rente
607 311 742 379 iactamur,
754 321 780 369 et
787 314 892 372 hostem

228 383 391 454 quaerimus,
402 390 482 456 etque
490 385 571 440 ermis
581 387 712 441 nectimus
725 405 888 446 nuncnova.

134 466 160 510 tt
189 456 266 511 Haud
276 456 345 512 ullas
352 458 469 528 portabis
480 476 544 531 opes
552 459 706 515 Acherontis
716 462 750 516 ed
759 463 860 519 undas:

227 531 316 586 nudus
325 532 359 587 ab
370 531 480 598 inferna,
492 533 580 599 stulte,
593 535 688 590 vehere
697 543 760 591 rate.

189 607 276 662 Victor
285 623 348 661 cum
357 606 435 662 victis
443 609 540 678 pariter
550 608 720 664 miscebimur
730 609 817 666 lndis:

226 679 334 736 consule
343 697 406 737 cum
414 682 506 748 llario,
517 690 591 755 capte
599 684 737 756 Iugurtha,
749 683 834 741 sedes.

189 755 281 828 Lydus
289 754 411 810 Dulichio
420 771 473 811 nen
483 757 563 812 distat
572 756 790 815 Croesuseblrc.

134 835 160 880 tc
228 828 334 900 Optima
344 846 425 896 mers,
439 846 517 902 perce
527 849 597 904 quee
605 833 678 888 venit
687 840 747 904 apte
755 833 809 889 (lie.

188 904 229 958 Me
239 903 313 957 iuvat
327 903 355 958 in
364 904 451 975 prima
460 904 573 962 coluisse
584 905 706 962 llcliccne
716 907 833 973 iuventa,

226 978 417 1049 Musarumque
424 979 512 1033 choris
521 979 686 1051 implicuisse
697 999 807 1037 manue:

188 1051 441 1108 meiuvatetmulte
450 1059 565 1108 mentem
575 1054 675 1110 vincire
684 1057 779 1130 Lyaeo,

225 1133 250 1179 et
259 1133 338 1197 caput
347 1125 376 1180 in
388 1143 468 1182 verna
477 1145 581 1200 semper
592 1129 690 1185 hebere
698 1147 767 1186 resa.

134 1209 159 1254 le
188 1201 275 1272 Atque
283 1200 331 1256 ubi
341 1201 395 1256 iam
405 1203 532 1259 Venerem
541 1204 631 1277 gravis
641 1204 804 1277 interceperit
812 1214 891 1261 aetas.

224 1276 348 1346 sparserit
358 1284 383 1331 et
392 1277 482 1352 nigras
496 1278 556 1334 alba
565 1287 668 1335 senecta
677 1296 774 1344 cemes,

187 1356 244 1403 tum
256 1350 324 1405 mibi
333 1352 448 1408 Naturae
457 1352 537 1410 libeat
544 1353 691 1426 perdiscere
700 1370 795 1419 mores,

224 1425 286 1496 quis
295 1425 362 1482 deus
371 1427 545 1484 hancmundi
555 1435 680 1500 temperet
689 1437 742 1484 arte
751 1428 875 1484 domum:

186 1516 240 1571 qua
251 1501 323 1556 venit
332 1503 462 1568 exoriens,
472 1521 528 1574 qua
538 1503 638 1572 delicie
659 1503 731 1559 unde
739 1503 834 1558 coactis

132 1585 157 1628 tt
223 1575 348 1631 comibus
358 1575 387 1631 in
396 1576 506 1648 plenum
515 1586 649 1633 menstrua
659 1578 734 1633 Luna
744 1577 824 1632 redit:

187 1648 553 1722 undesalcsupercntventi;
575 1652 644 1724 quid
652 1650 852 1723 flemineceptct

223 1724 326 1780 Eurus:
346 1725 410 1780 etin
422 1726 508 1780 nubes
517 1726 589 1782 uude
597 1727 721 1798 perennis
730 1743 813 1801 aqua:

186 1798 209 1851 si
221 1806 330 1853 ventura
340 1797 405 1862 dies,
420 1799 516 1854 mundi
524 1817 593 1870 quae
602 1801 713 1854 subruet
721 1815 808 1852 eroes:

222 1887 373 1942 purpureus
381 1871 487 1940 pluvias
496 1889 544 1924 cur
553 1873 621 1924 bibit
630 1887 707 1924 ercus
719 1887 816 1940 equas:

131 1958 156 2000 55
185 1953 231 1999 aut
241 1961 289 1997 cur
301 1943 440 1996 Perrhaebi
449 1949 578 1998 tremuere
587 1943 724 1996 cacumina
733 1941 820 2005 Pindi,

222 2014 290 2070 Solis
299 2022 326 2068 et
334 2014 424 2068 atratis
433 2013 530 2067 luxerit
538 2013 610 2068 orbis
619 2015 709 2085 equis:

185 2103 429 2143 curserusversare
437 2086 792 2159 bevesetplenetrebcoles:

223 2160 662 2233 Ple‘iedumepissccurccitimbre
670 2162 780 2219 chorus:

184 2253 264 2292 curve
273 2253 335 2292 suos
345 2237 411 2292 fiaes
420 2232 503 2293 altum
511 2255 565 2293 nen
573 2245 648 2294 exeat
656 2255 763 2311 sequor,

130 2321 156 2366 tc
222 2310 318 2384 plenus
326 2319 352 2368 et
363 2312 610 2385 inpertasquetuor
619 2330 707 2370 eunus
716 2320 769 2370 eet:

184 2387 236 2442 sub
246 2387 321 2442 terris
330 2388 354 2442 si
364 2387 422 2444 iura
431 2388 511 2444 deum
521 2395 545 2442 et
554 2395 681 2446 tormenta
689 2389 843 2463 gigantum:

222 2461 378 2533 Tisiphones
391 2470 446 2519 atro
455 2463 479 2518 si
489 2461 553 2518 furit
561 2480 648 2537 angue
657 2471 745 2537 caput,

185 2545 230 2594 cut
239 2536 421 2594 Alcmaeoniae
429 2537 521 2605 iuriae,
532 2546 578 2593 aut
587 2539 686 2594 ieiunia
694 2539 801 2595 Phineu:

222 2629 288 2669 num
298 2619 362 2681 rota,
374 2631 440 2670 num
449 2612 560 2687 scopuli,
576 2631 642 2670 num
652 2614 710 2670 sitis
718 2613 786 2670 inter
794 2629 889 2685 eques:
