2028 3034
265 165 478 223 CARllllNUM
497 169 626 223 LIBER.
784 172 815 222 47

61 277 133 331 mihi
144 274 246 331 floridis
256 273 359 329 eorollis
369 274 490 330 redimita
498 276 593 331 domus
603 285 665 348 erae,

61 350 245 423 linquendum
256 348 304 404 ubi
316 356 384 403 esset
393 357 449 404 orto
459 350 525 405 mihi
535 349 589 406 sole
598 351 762 406 cubiculum.

62 427 158 500 Egone
168 425 202 479 ah
212 423 292 478 deum
303 423 424 478 ministra
436 431 462 478 et
471 424 581 498 Cybeles
591 423 691 481 lamule
699 424 785 480 lerar‘?

61 517 113 574 ego
123 499 240 563 Mamm,
253 513 302 571 ego
310 497 362 552 mei
373 515 443 569 pars,
455 515 504 571 ego
513 498 555 554 vir
565 499 660 554 sterilis
670 499 731 555 ero‘?

62 592 113 647 ego
124 572 221 628 viridis
229 571 317 646 algida
326 571 386 626 ldae
396 573 457 628 nive
467 573 561 628 amiota
571 573 626 628 loon
636 574 737 629 oolam?
842 587 869 628 τυ

62 666 114 722 ego
123 649 208 703 vilem
218 663 296 720 egam
306 647 357 701 sub
367 645 426 701 allis
436 647 566 722 Phrygiae
575 647 763 714 columinibus,

62 725 112 778 ubi
123 739 203 776 oerva
213 720 381 784 silvicultrix,
393 721 441 776 ubi
451 739 512 793 aper
521 723 726 798 nemorivagus‘l

62 800 121 852 lam
133 797 188 851 iam
201 794 278 860 dolet,
290 795 363 867 quod
372 795 423 868 egi,
435 796 488 850 iam
498 797 605 870 iamque
614 799 736 869 poenitet.
746 807 763 831 “

102 871 196 926 Roseis
206 877 236 925 ut
245 869 309 924 huie
318 868 420 924 labellis
430 869 522 942 palens
532 873 634 926 sonitus
644 873 706 938 abit,

63 946 187 1018 geminas
197 944 305 1000 deorum
316 943 349 999 ad
359 961 435 999 aures
446 961 515 1000 nove
525 947 617 1001 nuntia
628 945 749 1013 referens,
841 961 867 1004 75

64 1021 102 1075 ihi
113 1021 203 1074 innota
215 1019 278 1092 iuga
287 1018 421 1074 resolvens
432 1019 530 1094 Cybele
540 1019 669 1087 leonibus,

64 1093 227 1166 laevumque
236 1094 336 1165 peeoris
345 1094 448 1148 hostem
458 1094 609 1161 stimulans,
622 1097 656 1150 ita
667 1095 798 1168 loquitur:

67 1211 84 1234 ,‚
92 1168 230 1242 Agedum,
246 1168 343 1240 inquil,
355 1186 404 1242 nge
412 1167 495 1235 ferox,
508 1170 527 1235 i,
538 1168 593 1224 leoe
606 1178 637 1225 ut
646 1171 709 1225 hino
718 1171 813 1226 lurori-

560 1245 621 1307 bue,

64 1317 119 1372 laee
130 1325 160 1370 ut
169 1317 231 1371 hine
241 1315 336 1370 luroris
348 1317 399 1371 ietu
412 1317 524 1372 reditum
535 1319 562 1372 in
573 1335 679 1373 nemora
689 1321 760 1385 leret,

64 1409 123 1446 men
133 1390 215 1445 libem
225 1391 305 1444 nimis
315 1391 363 1462 qui
373 1390 463 1464 lugere
473 1393 582 1462 imperia
592 1393 673 1464 eupit.
842 1407 866 1448 80

63 1467 129 1540 Age,
142 1465 219 1520 caede
228 1473 300 1540 terge
310 1465 401 1531 cauda,
414 1475 459 1520 tua
470 1467 576 1521 verbera
586 1478 681 1538 patere.

63 1542 131 1595 Faoe
142 1548 234 1595 cuneta
244 1541 372 1614 mugienti
382 1540 489 1596 fremitu
499 1540 555 1596 loce
564 1550 690 1597 retenenti

64 1613 183 1670 Rutilum
191 1614 264 1670 ferox
273 1623 358 1671 torosa
367 1617 468 1671 eerviee
477 1624 556 1689 quate
565 1617 694 1672 iubam.“

63 1691 109 1743 Ait
118 1689 182 1743 haee
191 1695 283 1744 minax
292 1689 408 1762 Cybelle,
421 1690 566 1764 religatque
575 1692 638 1764 iuge
647 1709 738 1746 manu.

62 1765 147 1817 Ferus
159 1763 214 1834 ipse
222 1781 279 1818 sese
288 1763 429 1820 adhortans
440 1765 562 1836 rapidum
573 1766 662 1819 incitet
673 1767 807 1820 animum:
840 1777 865 1820 85

63 1837 146 1900 vadit,
159 1836 253 1902 fremit,
265 1837 384 1911 relringil
395 1839 509 1912 virgulta
518 1839 585 1910 pede
593 1857 670 1912 vago.

63 1913 99 1966 At
108 1911 154 1966 ubi
165 1911 275 1966 humide
285 1911 423 1968 albicantis
432 1915 487 1968 loco
498 1913 581 1968 litoris
592 1913 664 1979 odiit,

62 1996 237 2058 tenerumque
246 1985 314 2041 vidit
322 1987 392 2061 Atyn
403 2005 483 2060 prope
492 2005 622 2043 marmora
631 1987 731 2061 pelagi;

62 2059 272 2131 laoitimpetum.
312 2060 359 2116 Ille
367 2061 475 2117 demens
487 2061 556 2136 fugit
566 2063 594 2117 in
604 2079 711 2118 nemora
721 2061 787 2116 lem:

62 2135 100 2188 ibi
110 2151 214 2206 semper
222 2153 301 2190 omne
310 2137 379 2192 vitae
388 2137 504 2208 spolium
514 2136 613 2192 famula
622 2135 682 2192 fuit.
838 2146 863 2188 ee

98 2209 160 2273 Dea,
172 2225 269 2282 magna
279 2209 336 2276 dee,
349 2210 465 2338 Cpbelle,
477 2209 584 2284 Didymi
594 2211 641 2266 dea
651 2210 767 2275 domino,

61 2282 153 2354 procul
164 2301 246 2338 emea
255 2291 318 2338 tuus
326 2285 362 2339 eit
382 2302 444 2340 uror
452 2286 549 2349 omnis,
563 2285 633 2347 hem,
646 2285 734 2340 domo.

62 2356 134 2412 Alios
144 2373 193 2430 age
200 2358 330 2425 inoimloe,
342 2357 407 2414 elios
416 2375 464 2432 age
474 2358 587 2414 rabidos.

118 2503 217 2548 Lx1v.
242 2503 537 2550 EPITHALAMIUM
562 2504 672 2548 l’ElAEl
697 2507 745 2548 ET

334 2561 535 2604 THETInos.

96 2643 202 2706 Pelieoo
212 2651 349 2724 quondam
359 2660 500 2724 prognatae
510 2653 604 2707 vertioe
613 2652 694 2723 pinus
