2040 3030
17 305 24 522 i

15 669 19 860 i

81 615 207 678 ·sEx.
241 614 452 681 AURELII
485 614 756 679 PROPERTll

296 784 461 842 1,qust
504 785 561 843 ΙΙΙ.

345 977 518 989 *-

295 1129 559 1174 ELEGIAI.

56 1209 218 1274 Callimeohi
227 1236 318 1274 menes
328 1226 353 1273 et
362 1219 409 1275 Coi
419 1236 491 1274 seme
501 1219 625 1284 Philotae,

93 1293 122 1346 in
131 1300 258 1357 vestrum,
270 1309 376 1363 quaeso,
388 1309 431 1346 me
440 1291 519 1346 sinite
528 1292 566 1347 ire
575 1311 679 1349 nemus.

56 1367 162 1420 Primus
171 1381 221 1439 ego
230 1365 363 1438 ingredior
371 1382 439 1436 puio
448 1365 481 1419 de
490 1364 560 1420 sonte
571 1368 691 1422 saeerdos

93 1439 156 1495 itale
166 1457 212 1512 per
222 1439 314 1494 Graios
323 1439 396 1513 orgia
405 1438 472 1494 ferre
480 1438 583 1495 ohoros.

56 1514 145 1579 Dicite,
157 1531 212 1586 quo
221 1513 429 1586 paritereermeu
440 1514 565 1568 tenuastis
574 1515 603 1570 in
613 1513 705 1570 entre?
846 1531 857 1570 5

93 1606 180 1661 quove
189 1591 256 1660 pede
265 1585 396 1662 ingressi?
413 1605 529 1660 quemve
538 1587 644 1643 bibistis
653 1589 770 1662 equam?

55 1663 97 1718 Ah
108 1661 201 1728 valeat,
213 1662 348 1718 Phoebum
357 1662 513 1734 quicunque
523 1670 638 1717 moretur
649 1663 677 1718 iu
687 1665 783 1718 ermis!

92 1738 208 1791 Exeotus
218 1737 291 1791 tenui
300 1737 406 1808 pumioe
416 1752 509 1791 versus
519 1743 569 1802 eet,

55 1827 109 1883 quo
119 1827 162 1865 me
171 1811 252 1866 Fame
263 1809 331 1866 levet
339 1820 407 1865 terre
416 1808 550 1874 sublimis,
562 1817 588 1864 et
597 1827 612 1864 e
622 1827 665 1864 me

93 1891 153 1939 nete
162 1886 290 1941 eoronetis
299 1885 375 1940 Musa
383 1885 529 1956 triumphet
538 1885 623 1957 equis,
831 1895 856 1937 1⁰

54 1967 79 2014 et
88 1975 191 2014 meeum
202 1959 230 2014 in
239 1960 550 2032 ourruperviveotentur
560 1961 678 2023 Amores,

91 2034 302 2108 scriptorumque
311 2052 383 2090 meas
395 2035 470 2089 turbe
479 2041 567 2089 seoute
577 2041 655 2090 rotas.

54 2107 126 2175 Quid
134 2107 230 2162 frustm
241 2109 330 2164 missis
340 2110 368 2164 in
378 2125 421 2163 me
429 2109 532 2164 certetis
542 2108 672 2164 habenis?

92 2182 151 2235 Non
161 2181 238 2235 detur
247 2183 282 2237 od
290 2184 379 2238 Musas
388 2199 493 2237 cunero
502 2181 553 2236 leia
564 2183 617 2238 vie.

53 2254 141 2318 Multi,
153 2256 244 2319 Rome,
256 2263 315 2310 tues
325 2255 416 2311 leudes
425 2255 566 2311 annalibus
574 2254 679 2318 addent,
830 2265 855 2307 15

90 2329 138 2401 qui
151 2328 231 2383 finem
242 2329 346 2400 imperii
354 2331 444 2384 Beotre
453 2327 542 2383 future
552 2335 658 2383 eonem:

52 2402 108 2467 sed,
120 2402 193 2474 quod
203 2419 266 2474 paee
274 2403 354 2476 legas,
364 2419 432 2475 opus
441 2403 493 2458 hoo
501 2401 534 2456 de
543 2410 631 2458 monte
640 2401 765 2457 Sororum

90 2476 183 2532 detulit
193 2477 287 2533 intesta
297 2478 393 2551 pagine
403 2486 490 2532 nostre
499 2476 553 2532 vie.

52 2551 150 2616 Mollia,
164 2552 312 2624 Pegasides,
326 2560 410 2608 vestro
419 2551 478 2606 dete
487 2558 554 2606 serta
565 2559 667 2622 poetes:

90 2624 573 2700 nonfeoietoapitidureooronameo.
827 2637 853 2680 2⁰
