2028 3034
196 167 229 222 62
482 164 651 221 CATULLI

232 270 280 327 sed
288 269 376 326 fratris
385 270 533 328 cerillebile
542 271 704 329 discidium?

195 345 285 413 Quum
294 346 400 417 penitus
408 354 520 402 moeses
529 347 616 402 exedit
625 365 687 403 cure
697 345 841 416 medulles3

232 427 262 475 ul
271 419 321 474 tihi
330 427 454 476 tunc-tcto
462 430 564 493 pectore
571 421 696 477 sollicitae

140 505 167 549 25
197 493 320 549 sensibus
329 495 425 565 ereptis
434 512 511 550 mens
520 495 630 550 excidit!
651 495 685 551 lt
694 503 719 549 te
728 511 777 567 ego
786 503 855 550 certe

232 584 374 640 cognoram
384 585 399 622 a
408 586 491 639 parva
500 570 605 642 virgine
615 569 824 642 magnanimum.

194 641 271 697 Anne
283 641 384 696 bonum
396 642 478 698 oblite
491 660 520 698 es
532 642 648 709 lacinus,
667 660 721 715 quo
733 643 838 716 regium
850 643 943 714 adepte

688 734 716 772 es

231 788 397 862 coniugium,
409 789 483 861 qucd
491 807 544 844 non
554 789 645 846 fortior
654 792 724 846 eusit
733 790 800 846 alis‘?

195 862 247 918 Sed
259 870 317 918 tum
329 871 428 918 moeste
440 864 530 920 virum
542 865 662 931 mittens,
678 883 747 937 quae
762 864 841 920 verbe
858 863 942 920 locutu

687 939 731 995 esl

141 1021 167 1066 3⁰
234 1010 360 1084 luppiter,
371 1019 402 1066 ut
411 1013 479 1067 tristi
488 1012 591 1068 lumina
601 1031 678 1086 saepe
688 1014 783 1068 menul

195 1085 262 1152 Quis
272 1093 297 1140 le
306 1087 419 1142 mutavit
428 1095 517 1143 tantus
528 1086 612 1143 deus‘l
631 1105 664 1142 en
675 1087 747 1160 quod
757 1095 875 1142 ementes

233 1175 287 1214 non
297 1158 397 1232 longea
409 1177 469 1216 cem
477 1179 584 1234 corpore
592 1162 683 1217 abesse
692 1161 805 1218 velunt?

195 1232 282 1305 Atque
292 1234 330 1288 ibi
340 1251 383 1289 mc
392 1236 494 1290 cunctis
503 1253 551 1308 pro
560 1235 633 1291 dulci
641 1237 753 1310 coniuge
762 1235 833 1292 divis

233 1325 286 1363 non
296 1308 355 1363 sine
365 1311 468 1365 taurino
477 1311 608 1384 sanguine
617 1310 732 1382 pollicita
742 1327 778 1376 es,

142 1392 167 1434 35
196 1381 220 1436 si
230 1381 345 1437 reditum
355 1384 496 1439 tetulissetl
513 1387 538 1439 ls
549 1385 651 1441 heutin
661 1383 866 1457 tempurelongc

233 1464 336 1530 captam
347 1457 438 1512 Asiam
448 1458 562 1532 Aegypti
573 1460 673 1514 linibus
683 1459 826 1514 eddiderat.

196 1529 277 1596 Qucis
287 1548 335 1604 ego
345 1549 393 1604 pro
402 1531 477 1586 iactis
485 1531 588 1587 coelesti
598 1533 698 1588 reddite
706 1540 780 1588 coetu

233 1605 345 1676 pristina
356 1613 414 1661 vcta
425 1624 494 1662 novo
504 1625 614 1661 munere
623 1606 750 1661 dissoluc.

196 1679 292 1746 Invita,
305 1681 431 1753 cregine,
443 1688 489 1735 tuo
499 1681 532 1735 de
540 1682 637 1739 uertice
645 1681 722 1747 cessi,

142 1759 168 1806 lu
235 1753 332 1809 invite:
345 1755 438 1809 cdiuro
447 1762 525 1826 leque
534 1763 665 1827 tuumque
674 1763 761 1828 ceput,

197 1825 278 1900 digne
287 1826 353 1882 ieret
361 1828 434 1902 quod
443 1830 467 1882 si
476 1829 539 1900 quis
548 1831 661 1883 inaniter
671 1829 808 1884 adiurarit.

234 1901 286 1956 Sed
295 1903 343 1972 qui
353 1919 381 1956 se
390 1902 458 1956 ferro
466 1901 580 1971 postulet
588 1919 646 1955 esse
654 1901 763 1972 parem?

197 1975 243 2030 lllc
256 1991 364 2046 quoque
377 1991 485 2029 eversus
499 1990 576 2027 mons
590 1983 642 2038 est,
659 1991 741 2058 quem
755 1973 905 2028 maximum
918 1976 945 2030 in

689 2063 743 2101 ons

234 2120 370 2194 progenies
381 2119 462 2174 Thiae
471 2119 540 2174 clare
550 2120 748 2191 supervehitur:

143 2203 169 2248 le
198 2212 285 2268 quum
297 2192 367 2248 Medi
381 2210 503 2265 peperere
517 2211 617 2249 novum
638 2211 722 2250 mere:
744 2209 885 2265 quumque
904 2197 947 2252 iu·

690 2278 785 2326 ventus

234 2359 280 2413 per
289 2341 408 2397 medium
418 2341 496 2398 classi
505 2343 617 2399 barbare
628 2345 701 2401 nevit
709 2343 807 2400 Athon.

197 2415 268 2483 Quid
277 2415 373 2472 facient
380 2418 475 2483 crines,
488 2435 575 2490 quum
584 2417 653 2475 lerrc
660 2418 722 2475 talin
732 2417 843 2474 cednnw

235 2491 360 2562 luppiter,
371 2499 401 2546 ut
410 2493 561 2567 Chalybum
571 2510 652 2548 omne
659 2511 745 2568 genus
753 2493 854 2565 percuti

198 2565 281 2637 etqui
291 2566 421 2638 principio
429 2568 481 2622 sub
490 2576 556 2623 terra
566 2585 691 2640 quaerere
700 2585 781 2624 venes

27 2717 35 2729 ι
144 2649 170 2693 5⁰
237 2639 340 2708 institit,
352 2659 382 2697 ec
391 2640 452 2698 ferri
463 2642 561 2717 lingere
569 2642 703 2700 duritiem.
