2028 3034
198 159 230 211 ll
485 155 655 210 CATULLI

200 263 284 326 0dii,
304 280 327 316 sr
341 271 460 318 vostrum
477 271 516 317 est
532 264 658 328 misereri,
678 271 723 318 aut
735 264 758 316 si
771 263 871 335 quibus
884 283 945 321 um-

691 354 772 409 quam

238 419 354 466 extreme
367 412 421 465 iam
434 411 491 483 ipsa
504 412 533 466 in
545 419 627 467 morte
638 410 736 466 tulistis
748 427 839 483 opem:

199 502 242 540 me
255 487 383 540 miserum
396 485 534 557 adspicite:
549 494 582 551 et,
597 487 620 540 si
634 487 716 541 vitam
727 487 828 558 puriter
840 488 891 560 egi,

143 571 169 614 tc
234 561 326 631 eripite
338 560 407 615 hanc
417 567 517 631 pestem
529 561 726 632 perniciemque
738 561 815 624 milri,
1008 575 1009 626 l

197 634 346 706 quaemihi
358 635 504 705 subrepens
516 635 593 699 imos,
608 641 639 688 ut
650 643 745 706 torpor,
763 635 790 689 in
805 642 886 699 artus,

236 707 340 780 expulit
351 725 385 762 ex
397 709 470 762 omni
482 715 584 779 pectore
595 707 714 762 laetitias.

198 784 255 836 Non
268 783 321 837 iam
334 781 401 836 illud
414 798 520 854 quaero,
535 789 624 836 contra
636 790 667 836 ut
683 799 726 837 me
737 782 831 856 diligat
843 782 898 847 illa,

236 864 290 921 aut,
306 855 379 928 quod
391 873 444 910 non
456 856 525 926 potis
537 863 584 921 est,
600 873 657 911 esse
669 857 766 928 pudica
777 856 854 912 velit:

143 941 169 983 25
197 932 256 1002 ipse
273 930 360 986 valera
381 939 451 1000 opto,
471 938 497 984 et
512 938 624 986 taetrum
641 932 714 986 hunc
727 931 856 1003 deponere
873 949 946 986 rnor-

694 1006 770 1061 bum.

236 1078 259 1132 0
271 1077 318 1144 dii,
334 1078 434 1134 reddito
446 1083 484 1134 ml
497 1079 547 1134 hoc
559 1095 606 1152 pro
618 1080 712 1152 pietate
724 1097 792 1135 mea.

317 1205 463 1251 LXXVII.
493 1208 540 1252 AD
570 1209 708 1252 RUFUM.

199 1289 279 1363 Rufe,
294 1300 362 1354 mihi
375 1299 470 1355 frustra
484 1317 514 1354 ac
527 1300 708 1373 nequidquam
722 1299 819 1354 credite
831 1300 924 1365 amice,

235 1372 350 1429 irustra‘l
362 1375 445 1430 immo
457 1392 554 1448 magno
567 1392 628 1431 curn
640 1375 723 1446 pretio
736 1382 815 1446 atquc
827 1373 911 1428 malo:

198 1447 295 1502 siccine
307 1449 438 1520 subrepsti
449 1455 501 1516 ml,
517 1458 596 1522 atquc
607 1450 729 1504 intestina
741 1465 867 1520 perurens

235 1523 287 1576 heu
300 1525 405 1588 misero,
421 1525 540 1596 eripuisti
552 1524 642 1578 omnia
655 1530 742 1578 nostra
755 1521 843 1577 bona‘?

143 1606 154 1646 5
197 1597 326 1668 eripuisti,
342 1598 394 1652 heu
407 1599 459 1653 hou
472 1606 574 1652 nostrae
587 1595 692 1651 crudele
703 1613 836 1651 venenum

235 1671 314 1737 vitae,
330 1672 382 1727 heu
395 1673 447 1727 heu
461 1679 562 1726 nostrae
574 1670 655 1742 pestis
668 1671 807 1726 amicitiae.

197 1744 248 1800 Sed
261 1747 373 1801 nuncid
385 1747 468 1811 doleo,
483 1744 556 1816 quod
567 1761 650 1816 purae
661 1761 728 1818 pura
740 1744 844 1817 puellae

235 1821 327 1876 suavia
340 1820 496 1876 comminxit
508 1837 603 1890 spurco
616 1819 699 1874 saliva
711 1827 766 1874 tua.

197 1895 293 1950 Verum
308 1895 336 1948 id
352 1911 405 1949 non
418 1895 527 1964 impune
540 1892 619 1947 feres:
639 1911 701 1947 nam
714 1901 738 1946 te
750 1893 839 1946 omnia
856 1893 942 1947 saecla

235 1975 353 2036 noscent3
365 1975 390 2022 ct
403 1968 450 2039 qui
464 1967 510 2030 sis,
529 1965 599 2020 lama
614 1965 735 2038 loquetur
747 1981 825 2020 anus.

314 2093 475 2137 LXXVIII.
505 2093 551 2136 DE
581 2093 708 2136 GALLO.

197 2179 293 2242 Gallus
311 2185 389 2240 babet
405 2183 506 2251 iratres
521 2199 638 2257 quorum
651 2184 866 2271 estlepidissima
878 2203 942 2244 con-

691 2277 739 2316 iux

233 2333 349 2400 alterius,
361 2333 464 2407 lepidus
477 2333 550 2390 filius
562 2333 678 2390 alterius.

195 2408 288 2466 Gallus
299 2410 380 2465 bomo
391 2418 430 2466 cst
441 2409 541 2466 bellus:
557 2427 618 2465 nam
632 2409 722 2466 dulces
730 2409 818 2483 iungit
828 2426 938 2474 amores,

233 2502 294 2540 cum
307 2502 389 2558 puero
401 2493 431 2540 ut
442 2484 511 2540 bello
523 2485 592 2541 bella
604 2485 692 2557 puella
704 2486 791 2541 cubet.

141 2571 152 2613 e
196 2559 288 2617 Gallus
301 2561 381 2616 bomo
393 2568 432 2616 eet
444 2560 549 2626 stultus,
563 2577 611 2616 nec
620 2577 648 2615 se
657 2561 794 2616 vidctesse
803 2560 937 2624 maritum,

233 2636 280 2710 qui
294 2645 404 2710 patruus
416 2637 504 2710 patrui
516 2643 644 2692 monstret
655 2635 825 2692 adulterium.
