2020 3036
177 179 209 228 68
462 172 633 231 CATULLl

121 295 145 336 55
176 291 273 338 moesta
287 298 372 354 nequo
384 280 491 336 assiduo
504 282 633 336 tabesoere
642 280 744 336 lumina
757 285 818 337 fletu

213 366 351 420 cessarent,
367 356 488 427 tristique
500 357 586 410 imbre
598 356 703 410 madere
715 374 810 430 gerrae:

176 431 264 503 qualis
278 431 305 485 in
323 431 385 485 aerii
399 430 533 500 pelluoens
548 431 641 485 vertice
654 432 750 485 montis

213 507 298 569 rivus,
313 521 435 559 musooso
447 504 550 576 prosilit
562 521 577 558 e
590 504 688 576 lapide3

177 582 238 653 qui,
255 597 340 652 quum
353 578 387 633 de
398 596 479 650 prona
491 596 614 651 praeoeps
626 587 666 634 est
678 579 747 634 valle
759 579 875 644 volutus,

122 667 148 709 oo
214 673 261 726 per
278 654 396 709 medium
409 654 484 708 densi
497 654 591 708 transit
602 655 651 708 iter
662 654 763 724 populi,

176 730 253 784 duloe
265 729 358 784 viatori
372 727 441 782 lasso
453 729 482 783 in
495 728 590 782 sudore
604 727 732 793 levamen,

214 821 299 877 quum
312 803 402 876 gravis
415 811 522 869 exustos
535 808 621 856 aestus
634 801 734 858 hiulcat
746 819 832 875 agros.

177 881 233 942 llic,
251 877 322 932 velut
335 877 362 931 ia
377 878 454 950 nigro
466 877 565 932 iaetatis
578 877 684 933 turbine
696 879 783 933 nautis

215 953 301 1007 lenius
313 951 432 1023 aspirans
445 969 507 1006 aura
518 950 633 1006 seounda
647 953 719 1006 venit

123 1040 148 1084 65
175 1029 230 1100 jam
243 1043 318 1098 praue
328 1024 449 1090 Pollucis,
465 1027 518 1080 iam
531 1026 644 1081 Castoris
657 1026 806 1098 implorata3

214 1102 265 1157 tale
276 1100 327 1156 luit
339 1100 416 1154 nobis
427 1100 533 1156 Manius
546 1100 687 1155 auxilium.

179 1180 204 1232 ls
216 1177 339 1232 clausum
352 1174 404 1230 lato
416 1174 535 1246 patefecit
547 1174 640 1229 limine
652 1192 785 1246 eampum,

215 1253 292 1323 isque
303 1250 413 1305 domum
427 1250 512 1315 nobis,
528 1251 604 1321 isque
615 1249 687 1304 dedit
699 1251 843 1315 dominam,

178 1327 213 1382 ad
225 1343 306 1400 quam
320 1341 473 1380 oommunes
486 1341 665 1380 exerceremus
677 1342 788 1387 amores,

123 1413 149 1456 to
215 1418 270 1474 quo
282 1417 341 1456 mea
353 1417 381 1455 se
393 1399 468 1454 molli
480 1400 591 1455 eandida
604 1399 665 1453 diva
680 1398 746 1471 pede

178 1476 276 1541 intulit,
290 1483 316 1530 et
327 1475 388 1529 trito
399 1474 543 1548 fulgentem
557 1475 584 1528 in
599 1473 690 1528 limine
703 1474 820 1544 plantam

216 1551 317 1615 innixa,
332 1556 424 1622 arguta
437 1549 552 1603 eonstitit
564 1549 591 1602 io
606 1547 688 1604 solea:

178 1625 299 1699 coniugis
312 1633 342 1679 ut
350 1625 485 1697 quondam
497 1621 611 1696 flagrans
624 1620 731 1676 advenit
742 1639 830 1677 amore

215 1699 399 1755 Protesilaeam
411 1698 552 1754 Laodamia
565 1697 685 1762 domum,

124 1788 150 1832 75
178 1778 307 1847 inceptam
320 1773 425 1838 frustra,
441 1772 560 1829 nondum
572 1789 659 1844 quum
672 1771 802 1844 sanguine
814 1787 888 1826 saoro

216 1850 300 1905 hostia
313 1848 434 1905 eoelestes
446 1847 608 1919 pacificasset
621 1847 707 1899 heros.

178 1925 220 1980 Nil
235 1925 302 1979 mihi
314 1931 368 1977 tam
381 1921 455 1976 valde
466 1921 574 1991 placeat,
589 1918 753 1973 Rhamnusia
765 1917 848 1989 virgo,

216 1998 288 2073 quod
300 2006 395 2052 temere
408 1995 499 2048 invitis
511 1993 670 2063 suscipiatur
683 1991 764 2044 horis.

179 2075 265 2142 Quam
278 2073 365 2126 ieiuna
379 2071 455 2140 pium
468 2066 596 2121 desideret
608 2083 652 2119 ara
662 2081 790 2127 cruorem,

126 2163 151 2204 80
216 2149 289 2202 doota
302 2152 342 2200 est
354 2143 451 2197 amisso
465 2139 604 2196 Laodamia
618 2140 689 2208 vir03

179 2221 299 2294 ooniugis
313 2225 371 2274 aute
380 2224 465 2272 ooaota
479 2215 542 2270 novi
554 2215 684 2269 dimittere
696 2211 803 2277 oollam,

216 2312 299 2368 quam
312 2292 421 2349 veniens
434 2310 488 2348 una
500 2299 579 2363 atque
591 2290 670 2345 altera
683 2306 777 2343 rursus
789 2288 876 2343 hiems

180 2370 301 2425 noctibus
315 2369 343 2424 in
357 2367 444 2443 longis
456 2366 566 2424 avidum
579 2372 720 2420 saturasset
732 2379 856 2428 amorem,

216 2453 304 2516 posset
316 2451 345 2498 ut
358 2443 470 2516 abrupto
482 2442 572 2497 vivere
585 2439 721 2513 ooniugio:

101 2505 104 2511 ยน
126 2533 152 2576 85
180 2520 252 2593 quod
265 2520 367 2574 soibant
380 2520 473 2573 Pareae
483 2533 535 2572 non
549 2515 628 2590 longo
639 2524 754 2586 tompore
767 2514 861 2572 abisse,

217 2613 240 2650 sr
253 2594 331 2650 miles
343 2610 434 2648 muros
448 2594 511 2646 isset
523 2591 556 2646 ad
569 2589 671 2645 lliaoos.

180 2671 249 2726 Nam
261 2679 319 2726 tum
332 2668 443 2724 Helenae
455 2675 531 2739 raptu
544 2667 672 2739 primores
685 2664 845 2736 Argivorum
