<?xml version="1.0" encoding="UTF-8"?>
<!DOCTYPE html PUBLIC "-//W3C//DTD XHTML 1.0 Transitional//EN"
    "http://www.w3.org/TR/xhtml1/DTD/xhtml1-transitional.dtd">
<html xmlns="http://www.w3.org/1999/xhtml" xml:lang="en" lang="en">
 <head>
  <title>
</title>
<meta http-equiv="Content-Type" content="text/html;charset=utf-8" />
  <meta name='ocr-system' content='tesseract 3.04.00' />
  <meta name='ocr-capabilities' content='ocr_page ocr_carea ocr_par ocr_line ocrx_word'/>
</head>
<body>
  <div class='ocr_page' id='page_1' title='image "./catullitibullie00propgoog_0246.png"; bbox 0 0 2030 3040; ppageno 0'>
   <div class='ocr_carea' id='block_1_1' title="bbox 263 122 829 182">
    <p class='ocr_par' dir='ltr' id='par_1_1' title="bbox 263 122 829 182">
     <span class='ocr_line' id='line_1_1' title="bbox 263 122 829 182; baseline -0.004 -1"><span class='ocrx_word' id='word_1_1' title='bbox 263 127 335 181; x_wconf 91' lang='lat' dir='ltr'>LIB.</span> <span class='ocrx_word' id='word_1_2' title='bbox 356 126 392 179; x_wconf 90' lang='lat'>11.</span> <span class='ocrx_word' id='word_1_3' title='bbox 422 122 536 178; x_wconf 89' lang='lat' dir='ltr'><strong>ELEG.</strong></span> <span class='ocrx_word' id='word_1_4' title='bbox 557 123 669 180; x_wconf 86' lang='lat' dir='ltr'>xv111.</span> <span class='ocrx_word' id='word_1_5' title='bbox 783 127 829 182; x_wconf 74' lang='lat'>20⁴</span> 
     </span>
    </p>
   </div>
   <div class='ocr_carea' id='block_1_2' title="bbox 66 227 889 605">
    <p class='ocr_par' dir='ltr' id='par_1_2' title="bbox 66 227 889 605">
     <span class='ocr_line' id='line_1_2' title="bbox 129 227 649 290; baseline -0.015 1"><span class='ocrx_word' id='word_1_6' title='bbox 129 235 209 290; x_wconf 83' lang='lat' dir='ltr'>liber:</span> <span class='ocrx_word' id='word_1_7' title='bbox 230 240 258 288; x_wconf 82' lang='lat' dir='ltr'>tu</span> <span class='ocrx_word' id='word_1_8' title='bbox 267 231 383 288; x_wconf 86' lang='lat' dir='ltr'>nimium</span> <span class='ocrx_word' id='word_1_9' title='bbox 392 229 497 285; x_wconf 81' lang='lat' dir='ltr'>credula</span> <span class='ocrx_word' id='word_1_10' title='bbox 507 227 562 285; x_wconf 88' lang='lat' dir='ltr'>sola</span> <span class='ocrx_word' id='word_1_11' title='bbox 572 229 649 284; x_wconf 82' lang='lat' dir='ltr'>iaces.</span> 
     </span>
     <span class='ocr_line' id='line_1_3' title="bbox 90 303 763 377; baseline -0.009 -11"><span class='ocrx_word' id='word_1_12' title='bbox 90 311 124 366; x_wconf 81' lang='lat' dir='ltr'>Et</span> <span class='ocrx_word' id='word_1_13' title='bbox 134 325 206 366; x_wconf 88' lang='lat' dir='ltr'>nune</span> <span class='ocrx_word' id='word_1_14' title='bbox 215 307 283 364; x_wconf 84' lang='lat' dir='ltr'>inter</span> <span class='ocrx_word' id='word_1_15' title='bbox 292 323 336 362; x_wconf 87' lang='lat' dir='ltr'>eos</span> <span class='ocrx_word' id='word_1_16' title='bbox 345 313 374 360; x_wconf 86' lang='lat' dir='ltr'>tu</span> <span class='ocrx_word' id='word_1_17' title='bbox 384 321 471 360; x_wconf 88' lang='lat' dir='ltr'>sermo</span> <span class='ocrx_word' id='word_1_18' title='bbox 482 322 524 360; x_wconf 91' lang='lat' dir='ltr'>es:</span> <span class='ocrx_word' id='word_1_19' title='bbox 545 311 570 358; x_wconf 80' lang='lat' dir='ltr'>te</span> <span class='ocrx_word' id='word_1_20' title='bbox 579 303 624 359; x_wconf 88' lang='lat' dir='ltr'>ilie</span> <span class='ocrx_word' id='word_1_21' title='bbox 633 305 763 377; x_wconf 89' lang='lat' dir='ltr'>superbus</span> 
     </span>
     <span class='ocr_line' id='line_1_4' title="bbox 128 377 589 451; baseline -0.015 -13"><span class='ocrx_word' id='word_1_22' title='bbox 128 383 192 438; x_wconf 81' lang='lat' dir='ltr'>dicit</span> <span class='ocrx_word' id='word_1_23' title='bbox 200 399 229 437; x_wconf 89' lang='lat' dir='ltr'>se</span> <span class='ocrx_word' id='word_1_24' title='bbox 239 381 322 437; x_wconf 81' lang='lat' dir='ltr'>invito</span> <span class='ocrx_word' id='word_1_25' title='bbox 331 396 408 451; x_wconf 80' lang='lat' dir='ltr'>saepe</span> <span class='ocrx_word' id='word_1_26' title='bbox 416 379 498 434; x_wconf 84' lang='lat' dir='ltr'>fuisse</span> <span class='ocrx_word' id='word_1_27' title='bbox 507 377 589 432; x_wconf 92' lang='lat' dir='ltr'>domi.</span> 
     </span>
     <span class='ocr_line' id='line_1_5' title="bbox 90 451 813 530; baseline -0.004 -18"><span class='ocrx_word' id='word_1_28' title='bbox 90 458 251 530; x_wconf 86' lang='lat' dir='ltr'>Dispeream,</span> <span class='ocrx_word' id='word_1_29' title='bbox 262 456 286 510; x_wconf 87' lang='lat' dir='ltr'>si</span> <span class='ocrx_word' id='word_1_30' title='bbox 297 454 445 528; x_wconf 87' lang='lat' dir='ltr'><strong>quidquam</strong></span> <span class='ocrx_word' id='word_1_31' title='bbox 455 453 537 518; x_wconf 82' lang='lat' dir='ltr'>aliud,</span> <span class='ocrx_word' id='word_1_32' title='bbox 549 469 631 524; x_wconf 86' lang='lat' dir='ltr'>quam</span> <span class='ocrx_word' id='word_1_33' title='bbox 641 451 734 526; x_wconf 77' lang='lat' dir='ltr'>gioria,</span> <span class='ocrx_word' id='word_1_34' title='bbox 746 453 813 510; x_wconf 85' lang='lat' dir='ltr'>dete</span> 
     </span>
     <span class='ocr_line' id='line_1_6' title="bbox 66 527 889 605; baseline -0.006 -18"><span class='ocrx_word' id='word_1_35' title='bbox 66 595 69 599; x_wconf 50' lang='grc'>,</span> <span class='ocrx_word' id='word_1_36' title='bbox 128 532 277 605; x_wconf 80' lang='lat' dir='ltr'>quaeritur:</span> <span class='ocrx_word' id='word_1_37' title='bbox 297 530 346 584; x_wconf 86' lang='lat' dir='ltr'>has</span> <span class='ocrx_word' id='word_1_38' title='bbox 356 527 447 582; x_wconf 88' lang='lat' dir='ltr'>laudes</span> <span class='ocrx_word' id='word_1_39' title='bbox 457 527 501 582; x_wconf 88' lang='lat' dir='ltr'>iile</span> <span class='ocrx_word' id='word_1_40' title='bbox 510 527 621 582; x_wconf 78' lang='lat' dir='ltr'>maritus</span> <span class='ocrx_word' id='word_1_41' title='bbox 631 527 718 582; x_wconf 83' lang='lat' dir='ltr'>habet.</span> <span class='ocrx_word' id='word_1_42' title='bbox 863 541 889 582; x_wconf 80' lang='lat'>1⁰</span> 
     </span>
    </p>
   </div>
   <div class='ocr_carea' id='block_1_3' title="bbox 1 600 724 676">
    <p class='ocr_par' dir='ltr' id='par_1_3' title="bbox 1 600 724 676">
     <span class='ocr_line' id='line_1_7' title="bbox 1 600 724 676; baseline -0.012 -10"><span class='ocrx_word' id='word_1_43' title='bbox 1 659 2 666; x_wconf 72' lang='grc'>,</span> <span class='ocrx_word' id='word_1_44' title='bbox 91 604 215 662; x_wconf 76' lang='lat' dir='ltr'>Colchide</span> <span class='ocrx_word' id='word_1_45' title='bbox 225 605 264 661; x_wconf 88' lang='lat' dir='ltr'>sie</span> <span class='ocrx_word' id='word_1_46' title='bbox 272 604 368 676; x_wconf 87' lang='lat' dir='ltr'>hospes</span> <span class='ocrx_word' id='word_1_47' title='bbox 377 600 512 675; x_wconf 90' lang='lat' dir='ltr'>quondam</span> <span class='ocrx_word' id='word_1_48' title='bbox 526 601 626 673; x_wconf 86' lang='lat' dir='ltr'>decepit</span> <span class='ocrx_word' id='word_1_49' title='bbox 635 603 724 657; x_wconf 90' lang='lat' dir='ltr'>Iason:</span> 
     </span>
    </p>
   </div>
   <div class='ocr_carea' id='block_1_4' title="bbox 91 675 891 1272">
    <p class='ocr_par' dir='ltr' id='par_1_4' title="bbox 91 675 891 1272">
     <span class='ocr_line' id='line_1_8' title="bbox 128 675 736 748; baseline -0.003 -14"><span class='ocrx_word' id='word_1_50' title='bbox 128 681 208 736; x_wconf 82' lang='lat' dir='ltr'>eieote</span> <span class='ocrx_word' id='word_1_51' title='bbox 216 687 269 734; x_wconf 79' lang='lat' dir='ltr'>ast:</span> <span class='ocrx_word' id='word_1_52' title='bbox 290 678 375 734; x_wconf 86' lang='lat' dir='ltr'>tenuit</span> <span class='ocrx_word' id='word_1_53' title='bbox 383 694 499 748; x_wconf 87' lang='lat' dir='ltr'>namque</span> <span class='ocrx_word' id='word_1_54' title='bbox 509 676 606 732; x_wconf 85' lang='lat' dir='ltr'>Creusa</span> <span class='ocrx_word' id='word_1_55' title='bbox 616 675 736 732; x_wconf 88' lang='lat' dir='ltr'>domum.</span> 
     </span>
     <span class='ocr_line' id='line_1_9' title="bbox 91 750 664 824; baseline -0.009 -14"><span class='ocrx_word' id='word_1_56' title='bbox 91 754 135 810; x_wconf 86' lang='lat' dir='ltr'>Sie</span> <span class='ocrx_word' id='word_1_57' title='bbox 144 773 159 810; x_wconf 88' lang='lat' dir='ltr'>a</span> <span class='ocrx_word' id='word_1_58' title='bbox 168 753 290 810; x_wconf 81' lang='lat' dir='ltr'>Dulichio</span> <span class='ocrx_word' id='word_1_59' title='bbox 299 754 395 809; x_wconf 82' lang='lat' dir='ltr'>iuvene</span> <span class='ocrx_word' id='word_1_60' title='bbox 403 759 443 806; x_wconf 79' lang='lat' dir='ltr'>est</span> <span class='ocrx_word' id='word_1_61' title='bbox 454 751 527 806; x_wconf 87' lang='lat' dir='ltr'>elusa</span> <span class='ocrx_word' id='word_1_62' title='bbox 537 750 664 824; x_wconf 81' lang='lat' dir='ltr'>Calypso:</span> 
     </span>
     <span class='ocr_line' id='line_1_10' title="bbox 129 824 638 900; baseline -0.008 -16"><span class='ocrx_word' id='word_1_63' title='bbox 129 829 196 884; x_wconf 82' lang='lat' dir='ltr'>vidit</span> <span class='ocrx_word' id='word_1_64' title='bbox 206 835 347 884; x_wconf 71' lang='lat' dir='ltr'>amatorem</span> <span class='ocrx_word' id='word_1_65' title='bbox 356 825 471 900; x_wconf 86' lang='lat' dir='ltr'>pandere</span> <span class='ocrx_word' id='word_1_66' title='bbox 481 824 539 882; x_wconf 86' lang='lat' dir='ltr'>vela</span> <span class='ocrx_word' id='word_1_67' title='bbox 547 842 638 880; x_wconf 88' lang='lat' dir='ltr'>suum.</span> 
     </span>
     <span class='ocr_line' id='line_1_11' title="bbox 91 899 891 974; baseline -0.006 -15"><span class='ocrx_word' id='word_1_68' title='bbox 91 903 134 959; x_wconf 81' lang='lat' dir='ltr'>Ah</span> <span class='ocrx_word' id='word_1_69' title='bbox 144 904 258 959; x_wconf 87' lang='lat' dir='ltr'>nimium</span> <span class='ocrx_word' id='word_1_70' title='bbox 268 902 357 958; x_wconf 80' lang='lat' dir='ltr'><strong>faciles</strong></span> <span class='ocrx_word' id='word_1_71' title='bbox 367 919 457 958; x_wconf 84' lang='lat' dir='ltr'>eurem</span> <span class='ocrx_word' id='word_1_72' title='bbox 467 901 590 974; x_wconf 84' lang='lat' dir='ltr'>praebere</span> <span class='ocrx_word' id='word_1_73' title='bbox 601 899 712 972; x_wconf 87' lang='lat' dir='ltr'>puellae,</span> <span class='ocrx_word' id='word_1_74' title='bbox 866 912 891 954; x_wconf 77' lang='lat'>15</span> 
     </span>
     <span class='ocr_line' id='line_1_12' title="bbox 129 975 678 1034; baseline -0.004 -2"><span class='ocrx_word' id='word_1_75' title='bbox 129 978 221 1033; x_wconf 82' lang='lat' dir='ltr'>dissita</span> <span class='ocrx_word' id='word_1_76' title='bbox 230 976 345 1034; x_wconf 73' lang='lat' dir='ltr'>desertae</span> <span class='ocrx_word' id='word_1_77' title='bbox 353 994 406 1033; x_wconf 91' lang='lat' dir='ltr'>non</span> <span class='ocrx_word' id='word_1_78' title='bbox 416 983 512 1032; x_wconf 88' lang='lat' dir='ltr'>temere</span> <span class='ocrx_word' id='word_1_79' title='bbox 520 993 577 1031; x_wconf 88' lang='lat' dir='ltr'>esse</span> <span class='ocrx_word' id='word_1_80' title='bbox 585 975 678 1031; x_wconf 89' lang='lat' dir='ltr'>bonae.</span> 
     </span>
     <span class='ocr_line' id='line_1_13' title="bbox 92 1049 837 1126; baseline -0.005 -18"><span class='ocrx_word' id='word_1_81' title='bbox 92 1053 295 1126; x_wconf 87' lang='lat' dir='ltr'>Nunequoque,</span> <span class='ocrx_word' id='word_1_82' title='bbox 312 1052 360 1125; x_wconf 90' lang='lat' dir='ltr'>qui</span> <span class='ocrx_word' id='word_1_83' title='bbox 370 1058 459 1118; x_wconf 82' lang='lat' dir='ltr'>restet,</span> <span class='ocrx_word' id='word_1_84' title='bbox 476 1050 640 1124; x_wconf 80' lang='lat' dir='ltr'>iampridem</span> <span class='ocrx_word' id='word_1_85' title='bbox 654 1051 788 1124; x_wconf 75' lang='lat' dir='ltr'>quaeritur</span> <span class='ocrx_word' id='word_1_86' title='bbox 799 1049 837 1105; x_wconf 91' lang='lat' dir='ltr'>al-</span> 
     </span>
     <span class='ocr_line' id='line_1_14' title="bbox 583 1133 632 1182; baseline -0.041 0"><span class='ocrx_word' id='word_1_87' title='bbox 583 1133 632 1182; x_wconf 78' lang='lat' dir='ltr'>ter.</span> 
     </span>
     <span class='ocr_line' id='line_1_15' title="bbox 129 1199 679 1272; baseline -0.005 -16"><span class='ocrx_word' id='word_1_88' title='bbox 129 1202 243 1272; x_wconf 86' lang='lat' dir='ltr'>Experta</span> <span class='ocrx_word' id='word_1_89' title='bbox 251 1201 281 1254; x_wconf 89' lang='lat' dir='ltr'>in</span> <span class='ocrx_word' id='word_1_90' title='bbox 290 1199 386 1271; x_wconf 89' lang='lat' dir='ltr'>primo,</span> <span class='ocrx_word' id='word_1_91' title='bbox 398 1199 486 1266; x_wconf 76' lang='lat' dir='ltr'>strrlta,</span> <span class='ocrx_word' id='word_1_92' title='bbox 498 1217 589 1256; x_wconf 86' lang='lat' dir='ltr'>cavere</span> <span class='ocrx_word' id='word_1_93' title='bbox 597 1207 679 1271; x_wconf 88' lang='lat' dir='ltr'>potes.</span> 
     </span>
    </p>
   </div>
   <div class='ocr_carea' id='block_1_5' title="bbox 1 1271 760 1346">
    <p class='ocr_par' dir='ltr' id='par_1_5' title="bbox 1 1271 760 1346">
     <span class='ocr_line' id='line_1_16' title="bbox 1 1271 760 1346; baseline -0.005 -16"><span class='ocrx_word' id='word_1_94' title='bbox 1 1307 2 1310; x_wconf 60' lang='lat'><em>=</em></span> <span class='ocrx_word' id='word_1_95' title='bbox 92 1277 146 1330; x_wconf 90' lang='lat' dir='ltr'>Nos</span> <span class='ocrx_word' id='word_1_96' title='bbox 155 1291 316 1346; x_wconf 83' lang='lat' dir='ltr'>quoeunque</span> <span class='ocrx_word' id='word_1_97' title='bbox 325 1271 389 1338; x_wconf 87' lang='lat' dir='ltr'>loeo,</span> <span class='ocrx_word' id='word_1_98' title='bbox 400 1291 449 1328; x_wconf 89' lang='lat' dir='ltr'>nos</span> <span class='ocrx_word' id='word_1_99' title='bbox 458 1274 531 1328; x_wconf 91' lang='lat' dir='ltr'>omni</span> <span class='ocrx_word' id='word_1_100' title='bbox 541 1281 655 1345; x_wconf 78' lang='lat' dir='ltr'>tempore</span> <span class='ocrx_word' id='word_1_101' title='bbox 664 1279 760 1337; x_wconf 74' lang='lat' dir='ltr'>tecum,</span> 
     </span>
    </p>
   </div>
   <div class='ocr_carea' id='block_1_6' title="bbox 130 1346 891 1421">
    <p class='ocr_par' dir='ltr' id='par_1_6' title="bbox 130 1346 891 1421">
     <span class='ocr_line' id='line_1_17' title="bbox 130 1346 891 1421; baseline -0.008 -17"><span class='ocrx_word' id='word_1_102' title='bbox 130 1349 187 1404; x_wconf 82' lang='lat' dir='ltr'>sive</span> <span class='ocrx_word' id='word_1_103' title='bbox 196 1365 273 1421; x_wconf 81' lang='lat' dir='ltr'>aegra</span> <span class='ocrx_word' id='word_1_104' title='bbox 282 1347 388 1419; x_wconf 84' lang='lat' dir='ltr'>pariter,</span> <span class='ocrx_word' id='word_1_105' title='bbox 401 1347 458 1403; x_wconf 86' lang='lat' dir='ltr'>sive</span> <span class='ocrx_word' id='word_1_106' title='bbox 467 1346 579 1411; x_wconf 76' lang='lat' dir='ltr'>valente,</span> <span class='ocrx_word' id='word_1_107' title='bbox 591 1363 695 1401; x_wconf 84' lang='lat' dir='ltr'>sumus.</span> <span class='ocrx_word' id='word_1_108' title='bbox 866 1357 891 1398; x_wconf 81' lang='lat'>20</span> 
     </span>
    </p>
   </div>
   <div class='ocr_carea' id='block_1_7' title="bbox 316 1472 616 1518">
    <p class='ocr_par' dir='ltr' id='par_1_7' title="bbox 316 1472 616 1518">
     <span class='ocr_line' id='line_1_18' title="bbox 316 1472 616 1518; baseline -0.01 0"><span class='ocrx_word' id='word_1_109' title='bbox 316 1474 478 1518; x_wconf 73' lang='lat' dir='ltr'>nnuma</span> <span class='ocrx_word' id='word_1_110' title='bbox 506 1472 616 1517; x_wconf 86' lang='lat' dir='ltr'>xv111.</span> 
     </span>
    </p>
   </div>
   <div class='ocr_carea' id='block_1_8' title="bbox 95 1559 751 1712">
    <p class='ocr_par' dir='ltr' id='par_1_8' title="bbox 95 1559 751 1712">
     <span class='ocr_line' id='line_1_19' title="bbox 95 1559 751 1639; baseline -0.002 -18"><span class='ocrx_word' id='word_1_111' title='bbox 95 1559 156 1621; x_wconf 87' lang='lat' dir='ltr'>Seis</span> <span class='ocrx_word' id='word_1_112' title='bbox 168 1566 230 1621; x_wconf 87' lang='lat' dir='ltr'>here</span> <span class='ocrx_word' id='word_1_113' title='bbox 238 1571 277 1622; x_wconf 82' lang='lat' dir='ltr'>mi</span> <span class='ocrx_word' id='word_1_114' title='bbox 287 1566 384 1622; x_wconf 83' lang='lat' dir='ltr'>multas</span> <span class='ocrx_word' id='word_1_115' title='bbox 394 1565 490 1639; x_wconf 76' lang='lat' dir='ltr'>pariter</span> <span class='ocrx_word' id='word_1_116' title='bbox 497 1564 629 1637; x_wconf 76' lang='lat' dir='ltr'>placuisse</span> <span class='ocrx_word' id='word_1_117' title='bbox 636 1563 751 1637; x_wconf 75' lang='lat' dir='ltr'>puellas,</span> 
     </span>
     <span class='ocr_line' id='line_1_20' title="bbox 130 1639 742 1712; baseline -0.003 -18"><span class='ocrx_word' id='word_1_118' title='bbox 130 1641 182 1694; x_wconf 87' lang='lat' dir='ltr'>seis</span> <span class='ocrx_word' id='word_1_119' title='bbox 193 1641 269 1706; x_wconf 88' lang='lat' dir='ltr'>mihi,</span> <span class='ocrx_word' id='word_1_120' title='bbox 281 1641 458 1712; x_wconf 83' lang='lat' dir='ltr'>Demophoon,</span> <span class='ocrx_word' id='word_1_121' title='bbox 470 1639 553 1696; x_wconf 78' lang='lat' dir='ltr'>muita</span> <span class='ocrx_word' id='word_1_122' title='bbox 563 1640 653 1695; x_wconf 89' lang='lat' dir='ltr'>venire</span> <span class='ocrx_word' id='word_1_123' title='bbox 665 1639 742 1694; x_wconf 85' lang='lat' dir='ltr'>mala.</span> 
     </span>
    </p>
   </div>
   <div class='ocr_carea' id='block_1_9' title="bbox 1 1712 746 1786">
    <p class='ocr_par' dir='ltr' id='par_1_9' title="bbox 1 1712 746 1786">
     <span class='ocr_line' id='line_1_21' title="bbox 1 1712 746 1786; baseline -0.007 -15"><span class='ocrx_word' id='word_1_124' title='bbox 1 1751 2 1754; x_wconf 59' lang='lat'><em>=</em></span> <span class='ocrx_word' id='word_1_125' title='bbox 93 1713 174 1770; x_wconf 87' lang='lat' dir='ltr'>Nulla</span> <span class='ocrx_word' id='word_1_126' title='bbox 182 1715 249 1769; x_wconf 90' lang='lat' dir='ltr'>meis</span> <span class='ocrx_word' id='word_1_127' title='bbox 258 1715 355 1770; x_wconf 81' lang='lat' dir='ltr'>frustra</span> <span class='ocrx_word' id='word_1_128' title='bbox 365 1714 510 1778; x_wconf 85' lang='lat' dir='ltr'>lustrantur</span> <span class='ocrx_word' id='word_1_129' title='bbox 519 1714 632 1785; x_wconf 82' lang='lat' dir='ltr'>oompiie</span> <span class='ocrx_word' id='word_1_130' title='bbox 640 1712 746 1786; x_wconf 74' lang='lat' dir='ltr'>plantis,</span> 
     </span>
    </p>
   </div>
   <div class='ocr_carea' id='block_1_10' title="bbox 130 1789 666 1854">
    <p class='ocr_par' dir='ltr' id='par_1_10' title="bbox 130 1789 666 1854">
     <span class='ocr_line' id='line_1_22' title="bbox 130 1789 666 1854; baseline 0.002 -13"><span class='ocrx_word' id='word_1_131' title='bbox 130 1789 220 1842; x_wconf 86' lang='lat' dir='ltr'>omnia</span> <span class='ocrx_word' id='word_1_132' title='bbox 230 1789 257 1843; x_wconf 93' lang='lat' dir='ltr'>in</span> <span class='ocrx_word' id='word_1_133' title='bbox 266 1789 377 1844; x_wconf 83' lang='lat' dir='ltr'>exitium</span> <span class='ocrx_word' id='word_1_134' title='bbox 387 1797 447 1844; x_wconf 80' lang='lat' dir='ltr'>nata</span> <span class='ocrx_word' id='word_1_135' title='bbox 455 1789 554 1844; x_wconf 78' lang='lat' dir='ltr'>theatra</span> <span class='ocrx_word' id='word_1_136' title='bbox 567 1805 666 1854; x_wconf 88' lang='lat' dir='ltr'>meum,</span> 
     </span>
    </p>
   </div>
   <div class='ocr_carea' id='block_1_11' title="bbox 0 1861 892 1936">
    <p class='ocr_par' dir='ltr' id='par_1_11' title="bbox 0 1861 892 1936">
     <span class='ocr_line' id='line_1_23' title="bbox 0 1861 892 1936; baseline 0.001 -20"><span class='ocrx_word' id='word_1_137' title='bbox 0 1864 1 1871; x_wconf 76' lang='grc'>’</span> <span class='ocrx_word' id='word_1_138' title='bbox 93 1863 150 1918; x_wconf 87' lang='lat' dir='ltr'>sive</span> <span class='ocrx_word' id='word_1_139' title='bbox 159 1861 257 1934; x_wconf 87' lang='lat' dir='ltr'>aliquis</span> <span class='ocrx_word' id='word_1_140' title='bbox 266 1863 341 1919; x_wconf 90' lang='lat' dir='ltr'>molli</span> <span class='ocrx_word' id='word_1_141' title='bbox 350 1863 451 1919; x_wconf 80' lang='lat' dir='ltr'>diducit</span> <span class='ocrx_word' id='word_1_142' title='bbox 458 1862 568 1919; x_wconf 83' lang='lat' dir='ltr'>candida</span> <span class='ocrx_word' id='word_1_143' title='bbox 578 1869 654 1936; x_wconf 78' lang='lat' dir='ltr'>gestu</span> <span class='ocrx_word' id='word_1_144' title='bbox 881 1871 892 1912; x_wconf 74' lang='grc'>5</span> 
     </span>
    </p>
   </div>
   <div class='ocr_carea' id='block_1_12' title="bbox 93 1937 760 2161">
    <p class='ocr_par' dir='ltr' id='par_1_12' title="bbox 93 1937 760 2161">
     <span class='ocr_line' id='line_1_24' title="bbox 131 1937 760 2003; baseline -0.002 -11"><span class='ocrx_word' id='word_1_145' title='bbox 131 1937 246 2003; x_wconf 85' lang='lat' dir='ltr'>brachie,</span> <span class='ocrx_word' id='word_1_146' title='bbox 259 1956 306 1994; x_wconf 89' lang='lat' dir='ltr'>sou</span> <span class='ocrx_word' id='word_1_147' title='bbox 317 1957 403 1994; x_wconf 77' lang='lat' dir='ltr'>varios</span> <span class='ocrx_word' id='word_1_148' title='bbox 413 1938 506 1994; x_wconf 83' lang='lat' dir='ltr'>incinit</span> <span class='ocrx_word' id='word_1_149' title='bbox 515 1954 559 1994; x_wconf 84' lang='lat' dir='ltr'>ore</span> <span class='ocrx_word' id='word_1_150' title='bbox 568 1937 669 1992; x_wconf 88' lang='lat' dir='ltr'>modos.</span> <span class='ocrx_word' id='word_1_151' title='bbox 757 1975 760 1980; x_wconf 88' lang='lat'><em>-</em></span> 
     </span>
     <span class='ocr_line' id='line_1_25' title="bbox 93 2010 689 2086; baseline -0.003 -20"><span class='ocrx_word' id='word_1_152' title='bbox 93 2012 193 2068; x_wconf 76' lang='lat' dir='ltr'>Interea</span> <span class='ocrx_word' id='word_1_153' title='bbox 203 2014 284 2068; x_wconf 85' lang='lat' dir='ltr'>nostri</span> <span class='ocrx_word' id='word_1_154' title='bbox 293 2021 424 2086; x_wconf 84' lang='lat' dir='ltr'>quaerunt</span> <span class='ocrx_word' id='word_1_155' title='bbox 433 2013 483 2068; x_wconf 86' lang='lat' dir='ltr'>sibi</span> <span class='ocrx_word' id='word_1_156' title='bbox 495 2012 594 2069; x_wconf 88' lang='lat' dir='ltr'>vulnus</span> <span class='ocrx_word' id='word_1_157' title='bbox 605 2010 689 2075; x_wconf 86' lang='lat' dir='ltr'>oeelii,</span> 
     </span>
     <span class='ocr_line' id='line_1_26' title="bbox 130 2085 671 2161; baseline 0.002 -21"><span class='ocrx_word' id='word_1_158' title='bbox 130 2085 241 2143; x_wconf 86' lang='lat' dir='ltr'>eandida</span> <span class='ocrx_word' id='word_1_159' title='bbox 251 2106 304 2144; x_wconf 93' lang='lat' dir='ltr'>non</span> <span class='ocrx_word' id='word_1_160' title='bbox 314 2096 378 2146; x_wconf 81' lang='lat' dir='ltr'>teoto</span> <span class='ocrx_word' id='word_1_161' title='bbox 387 2095 488 2161; x_wconf 75' lang='lat' dir='ltr'>pectore</span> <span class='ocrx_word' id='word_1_162' title='bbox 496 2089 520 2142; x_wconf 91' lang='lat' dir='ltr'>si</span> <span class='ocrx_word' id='word_1_163' title='bbox 529 2105 582 2161; x_wconf 91' lang='lat' dir='ltr'>qua</span> <span class='ocrx_word' id='word_1_164' title='bbox 591 2087 671 2151; x_wconf 85' lang='lat' dir='ltr'>sedet,</span> 
     </span>
    </p>
   </div>
   <div class='ocr_carea' id='block_1_13' title="bbox 1 2149 683 2235">
    <p class='ocr_par' dir='ltr' id='par_1_13' title="bbox 1 2149 683 2235">
     <span class='ocr_line' id='line_1_27' title="bbox 1 2149 683 2235; baseline 0.006 -25"><span class='ocrx_word' id='word_1_165' title='bbox 1 2149 2 2154; x_wconf 51' lang='lat'>&#39;</span> <span class='ocrx_word' id='word_1_166' title='bbox 95 2159 151 2214; x_wconf 86' lang='lat' dir='ltr'>sive</span> <span class='ocrx_word' id='word_1_167' title='bbox 160 2161 221 2233; x_wconf 81' lang='lat' dir='ltr'>vagi</span> <span class='ocrx_word' id='word_1_168' title='bbox 230 2163 315 2218; x_wconf 80' lang='lat' dir='ltr'>crines</span> <span class='ocrx_word' id='word_1_169' title='bbox 324 2164 399 2235; x_wconf 88' lang='lat' dir='ltr'>puris</span> <span class='ocrx_word' id='word_1_170' title='bbox 410 2165 438 2218; x_wconf 97' lang='lat' dir='ltr'>in</span> <span class='ocrx_word' id='word_1_171' title='bbox 448 2162 578 2217; x_wconf 80' lang='lat' dir='ltr'>inentibus</span> <span class='ocrx_word' id='word_1_172' title='bbox 587 2167 683 2224; x_wconf 83' lang='lat' dir='ltr'>errant,</span> 
     </span>
    </p>
   </div>
   <div class='ocr_carea' id='block_1_14' title="bbox 95 2233 892 2681">
    <p class='ocr_par' dir='ltr' id='par_1_14' title="bbox 95 2233 892 2381">
     <span class='ocr_line' id='line_1_28' title="bbox 131 2233 892 2308; baseline -0.003 -22"><span class='ocrx_word' id='word_1_173' title='bbox 131 2233 297 2306; x_wconf 75' lang='lat' dir='ltr'>Indicoquos</span> <span class='ocrx_word' id='word_1_174' title='bbox 307 2236 709 2308; x_wconf 82' lang='lat' dir='ltr'>mediovertioegemmatenet.·</span> <span class='ocrx_word' id='word_1_175' title='bbox 866 2243 892 2284; x_wconf 80' lang='lat'>1⁰</span> 
     </span>
     <span class='ocr_line' id='line_1_29' title="bbox 95 2306 748 2381; baseline 0 -21"><span class='ocrx_word' id='word_1_176' title='bbox 95 2306 168 2373; x_wconf 83' lang='lat' dir='ltr'>Quae</span> <span class='ocrx_word' id='word_1_177' title='bbox 176 2307 200 2360; x_wconf 92' lang='lat' dir='ltr'>si</span> <span class='ocrx_word' id='word_1_178' title='bbox 209 2307 274 2363; x_wconf 85' lang='lat' dir='ltr'>forte</span> <span class='ocrx_word' id='word_1_179' title='bbox 282 2308 384 2380; x_wconf 83' lang='lat' dir='ltr'>aliquid</span> <span class='ocrx_word' id='word_1_180' title='bbox 394 2309 470 2366; x_wconf 87' lang='lat' dir='ltr'>vultu</span> <span class='ocrx_word' id='word_1_181' title='bbox 480 2309 547 2363; x_wconf 90' lang='lat' dir='ltr'>mihi</span> <span class='ocrx_word' id='word_1_182' title='bbox 557 2308 623 2363; x_wconf 89' lang='lat' dir='ltr'>dura</span> <span class='ocrx_word' id='word_1_183' title='bbox 633 2313 748 2381; x_wconf 79' lang='lat' dir='ltr'>negaret,</span> 
     </span>
    </p>

    <p class='ocr_par' dir='ltr' id='par_1_15' title="bbox 95 2379 839 2529">
     <span class='ocr_line' id='line_1_30' title="bbox 131 2379 630 2455; baseline 0.002 -20"><span class='ocrx_word' id='word_1_184' title='bbox 131 2379 228 2455; x_wconf 76' lang='lat' dir='ltr'>frigida</span> <span class='ocrx_word' id='word_1_185' title='bbox 241 2381 274 2437; x_wconf 89' lang='lat' dir='ltr'>de</span> <span class='ocrx_word' id='word_1_186' title='bbox 282 2391 334 2438; x_wconf 80' lang='lat' dir='ltr'>tota</span> <span class='ocrx_word' id='word_1_187' title='bbox 344 2382 427 2438; x_wconf 77' lang='lat' dir='ltr'>fronte</span> <span class='ocrx_word' id='word_1_188' title='bbox 436 2381 543 2438; x_wconf 83' lang='lat' dir='ltr'>cadebat</span> <span class='ocrx_word' id='word_1_189' title='bbox 551 2398 630 2455; x_wconf 85' lang='lat' dir='ltr'>aqua.</span> 
     </span>
     <span class='ocr_line' id='line_1_31' title="bbox 95 2452 839 2529; baseline -0.005 -19"><span class='ocrx_word' id='word_1_190' title='bbox 95 2455 214 2524; x_wconf 82' lang='lat' dir='ltr'>Quaeris,</span> <span class='ocrx_word' id='word_1_191' title='bbox 225 2456 403 2529; x_wconf 89' lang='lat' dir='ltr'>Demophoon,</span> <span class='ocrx_word' id='word_1_192' title='bbox 414 2475 462 2513; x_wconf 88' lang='lat' dir='ltr'>our</span> <span class='ocrx_word' id='word_1_193' title='bbox 470 2457 522 2511; x_wconf 91' lang='lat' dir='ltr'>sim</span> <span class='ocrx_word' id='word_1_194' title='bbox 532 2465 585 2512; x_wconf 83' lang='lat' dir='ltr'>tem</span> <span class='ocrx_word' id='word_1_195' title='bbox 594 2454 681 2510; x_wconf 89' lang='lat' dir='ltr'>mollis</span> <span class='ocrx_word' id='word_1_196' title='bbox 692 2455 720 2510; x_wconf 94' lang='lat' dir='ltr'>in</span> <span class='ocrx_word' id='word_1_197' title='bbox 729 2452 839 2510; x_wconf 71' lang='lat' dir='ltr'>omnes?</span> 
     </span>
    </p>

    <p class='ocr_par' dir='ltr' id='par_1_16' title="bbox 95 2527 892 2681">
     <span class='ocr_line' id='line_1_32' title="bbox 132 2527 759 2604; baseline -0.006 -18"><span class='ocrx_word' id='word_1_198' title='bbox 132 2531 209 2598; x_wconf 84' lang='lat' dir='ltr'>Quod</span> <span class='ocrx_word' id='word_1_199' title='bbox 218 2532 333 2604; x_wconf 85' lang='lat' dir='ltr'>quaeris,</span> <span class='ocrx_word' id='word_1_200' title='bbox 345 2549 428 2604; x_wconf 83' lang='lat' dir='ltr'>quere</span> <span class='ocrx_word' id='word_1_201' title='bbox 437 2549 489 2587; x_wconf 92' lang='lat' dir='ltr'>non</span> <span class='ocrx_word' id='word_1_202' title='bbox 499 2531 578 2587; x_wconf 86' lang='lat' dir='ltr'>habet</span> <span class='ocrx_word' id='word_1_203' title='bbox 587 2530 659 2586; x_wconf 89' lang='lat' dir='ltr'>ullus</span> <span class='ocrx_word' id='word_1_204' title='bbox 668 2527 759 2586; x_wconf 74' lang='lat' dir='ltr'>amori</span> 
     </span>
     <span class='ocr_line' id='line_1_33' title="bbox 95 2604 892 2681; baseline -0.006 -21"><span class='ocrx_word' id='word_1_205' title='bbox 95 2604 720 2681; x_wconf 83' lang='lat' dir='ltr'>Cureliquissaorisianiatsuahraehieoultris.</span> <span class='ocrx_word' id='word_1_206' title='bbox 867 2613 892 2655; x_wconf 75' lang='lat'>15</span> 
     </span>
    </p>
   </div>
   <div class='ocr_carea' id='block_1_15' title="bbox 0 0 1027 3040">
    <p class='ocr_par' dir='ltr' id='par_1_17' title="bbox 0 0 1027 3040">
     <span class='ocr_line' id='line_1_34' title="bbox 0 0 1027 3040; baseline 0 0"><span class='ocrx_word' id='word_1_207' title='bbox 0 0 1027 3040; x_wconf 95' lang='lat' dir='ltr'> </span> 
     </span>
    </p>
   </div>
  </div>
 </body>
</html>
