2030 3040
194 180 241 230 teo
460 176 670 232 PROPERTll

192 292 251 340 anto
260 283 320 338 ierit
329 284 464 356 quoniam,
477 286 525 339 tuti
536 302 617 358 quam
627 286 762 342 eernimus
772 287 884 354 hostem,

230 375 279 413 neo
287 358 433 431 quisquam
442 375 476 413 an
486 358 532 414 illo
541 359 651 414 vulnere
660 377 743 415 sanus
752 362 816 416 abit.

193 435 223 488 ln
234 449 277 487 me
286 431 336 486 tela
345 439 460 498 manent,
472 440 560 487 manet
569 440 594 488 et
602 432 712 505 puerilis
723 435 823 508 imago;

230 507 277 562 sed
285 513 352 562 eerte
360 523 462 578 pennas
470 506 584 578 perdidit
594 507 638 562 ille
650 525 721 574 sues,

138 593 163 635 15
193 581 279 637 evolat
287 581 340 637 heu
351 589 439 636 nestro
448 582 575 653 quoniam
584 581 617 636 de
626 589 728 654 pectore
736 599 881 656 nusquam,

231 655 409 728 assiduusque
418 673 476 710 meo
485 656 616 729 sanguine
625 655 694 712 belle
706 658 782 730 gerit.

194 730 266 797 Quid
275 730 324 785 tibi
335 728 483 785 iucundum
492 737 539 796 est,
551 730 629 784 siocis
638 730 756 787 habitare
764 732 912 788 medullis?
1009 775 1010 778 η

230 804 259 860 Si
267 803 354 876 pudor
363 811 410 869 est,
423 803 474 859 alio
484 805 572 859 traiioe
580 804 629 860 tela
639 812 693 861 tua.

193 881 303 935 Intactas
313 879 362 933 iste
370 879 453 933 satius
464 886 560 935 tentare
570 896 685 935 veneno:

139 965 165 1006 20
230 970 283 1008 non
293 952 506 1025 egdsedtenuis
516 953 624 1025 vapulat
632 955 728 1010 umbra
738 971 805 1010 mea.

194 1026 279 1093 Quam
289 1026 310 1080 si
321 1025 475 1097 perdideris,
487 1027 549 1098 quis
558 1027 608 1082 erit
615 1028 663 1100 qui
674 1027 735 1083 talia
744 1027 846 1083 eantet‘?

231 1102 300 1156 Haeo
311 1117 369 1155 mea
381 1101 458 1155 Musa
467 1099 542 1167 levis,
554 1101 638 1175 glorie
648 1119 744 1177 magna
755 1110 800 1158 tua
809 1111 857 1168 est,

194 1193 263 1249 quae
271 1182 350 1246 eaput
358 1182 382 1230 et
392 1174 489 1250 digitos
498 1183 523 1231 et
532 1175 634 1233 lumina
645 1176 721 1252 nigra
730 1176 833 1250 puellae

232 1257 257 1305 et
265 1249 335 1306 canit
344 1257 374 1305 ut
382 1250 482 1308 soleant
491 1251 603 1308 molliter
613 1253 651 1308 iro
659 1253 749 1326 pedes.

457 1383 616 1428 ELEGIA
640 1383 673 1426 X.

194 1461 258 1526 Nou
270 1479 305 1525 tot
314 1471 497 1528 Achaemeniis
507 1480 643 1529 armantur
654 1473 721 1528 Susa
732 1473 842 1545 sagittis,

231 1545 330 1616 spicula
342 1555 407 1618 quot
416 1555 504 1602 nostro
512 1556 614 1618 pectore
623 1547 682 1602 lixit
692 1546 783 1601 Amor.

194 1620 242 1674 llio
251 1636 294 1674 me
304 1627 356 1674 tam
365 1620 475 1692 graciles
485 1622 847 1678 vetuitoontemnerottnsas.

232 1695 310 1748 iussit
318 1703 343 1749 et
352 1695 494 1750 Ascraeum
504 1696 543 1750 sio
551 1695 669 1751 habitare
678 1711 781 1758 nemus,

139 1782 150 1822 5
194 1787 246 1823 non
257 1776 286 1822 ut
295 1768 394 1824 Pieriae
402 1786 517 1842 quereus
526 1787 585 1824 mea
593 1770 672 1825 verba
682 1775 835 1840 sequentur,

231 1850 277 1896 eut
285 1842 386 1913 possim
396 1844 505 1898 Ismaria
515 1843 609 1897 duoere
620 1842 687 1897 valle
696 1841 776 1896 feras:

160 1914 163 1919 ’
194 1915 336 1987 sedmagis
345 1923 374 1968 ut
383 1923 470 1969 nostro
480 1916 602 1983 stupefiat
611 1914 724 1986 Cynthia
735 1929 822 1976 versu,

230 1997 294 2042 turm
302 2004 350 2059 ego
359 1988 410 2039 sim
421 1987 527 2040 Inachio
538 1987 620 2041 notior
628 1993 682 2038 arte
691 1985 767 2039 Lino.

193 2065 250 2117 Non
259 2076 307 2132 ego
317 2077 377 2113 sum
388 2058 485 2114 formae
494 2066 596 2114 tantum
607 2059 714 2113 mirator
723 2057 854 2122 honestae,

139 2151 164 2191 tu
231 2151 278 2189 nec
290 2132 312 2187 si
322 2150 375 2204 qua
387 2131 500 2188 illustres
510 2131 608 2187 femina
618 2133 694 2187 iactat
703 2150 776 2188 avos.

193 2211 235 2265 Me
243 2209 316 2263 iuvat
327 2208 353 2262 in
364 2208 465 2282 gremio
474 2208 563 2264 decue
574 2207 667 2282 legisse
676 2208 787 2282 puellae,

230 2284 339 2339 auribus
349 2291 374 2338 et
382 2284 457 2356 puris
470 2285 566 2357 scripta
574 2285 699 2356 probasse
708 2302 776 2340 mea.

193 2361 261 2414 Haeo
270 2359 316 2414 ubi
326 2359 489 2434 contigerint,
500 2359 592 2433 populi
600 2359 709 2416 eoniusa
720 2359 802 2415 valeto

230 2433 332 2490 fabula:
354 2453 416 2490 nam
426 2436 533 2491 domina
543 2434 629 2491 iudioe
640 2443 710 2491 tutus
720 2453 773 2491 ero.

140 2521 163 2563 te
194 2511 266 2578 Quae
275 2510 298 2564 si
307 2509 372 2565 forte
382 2511 465 2566 bonas
475 2511 509 2566 ad
518 2527 609 2582 paoem
620 2512 724 2566 verterit
733 2527 818 2577 auree.

230 2585 795 2662 possuminimicitiastunoegoferrelovis.
