2028 3034
259 182 470 240 CARMINUM
490 186 615 238 LIBER.
777 187 810 238 79

98 303 124 350 et
139 294 214 349 laxas
227 293 356 347 scombris
369 309 446 364 saepe
458 291 560 347 dabunt
571 295 684 348 tunicas,

64 373 147 425 Parva
161 368 213 422 mei
226 367 293 421 mihi
307 367 361 420 sint
372 366 444 421 cordi
458 368 618 422 monimenta
633 367 741 422 laboris:

100 454 127 498 at
139 441 255 515 populus
267 441 369 496 tumido
381 440 493 514 gaudeat
505 440 669 495 Antimacho.

105 570 190 615 XCV.
221 569 266 611 An
298 568 450 612 CALVUM
480 569 526 611 DE
556 567 765 616 QUINTlula.

65 654 98 715 Si
112 659 263 732 quidquam
275 660 357 714 mutis
369 667 474 732 gratum
484 668 652 730 acceptumve
664 659 790 730 sepulcris

101 734 218 790 accidere
230 751 245 788 a
258 740 355 798 nostro,
371 733 459 798 Calvo,
474 733 562 788 dolore
574 741 667 804 potest,

63 827 118 882 quo
131 808 261 862 desiderio
273 815 371 864 veteres
384 825 541 862 renovamus
554 825 664 871 amores,

102 891 183 954 atque
194 881 258 937 olim
271 883 383 938 amissas
395 880 489 937 tlemus
501 882 643 938 amicitias:

63 965 132 1014 certe
144 974 197 1012 non
210 964 283 1012 tanto
295 973 366 1012 mors
380 957 518 1012 immatura
532 955 615 1012 dolori
629 964 669 1011 est
852 970 863 1010 5

101 1031 255 1098 Quintiliae,
269 1039 400 1102 quantum
413 1031 510 1105 gaudet
522 1048 609 1086 amore
621 1039 676 1086 tuo.
912 1077 925 1103 ,
977 1098 981 1106 Ι

238 1158 337 1202 xcvi.
365 1158 404 1202 IN
433 1159 628 1202 tumultum.

63 1241 139 1318 Non,
153 1252 187 1305 ita
201 1268 244 1306 me
256 1251 284 1305 dt
297 1257 393 1315 ament,
408 1250 554 1321 quicquam
567 1248 660 1304 referre
671 1252 772 1322 putavi,

100 1334 193 1381 utrum
205 1342 235 1380 os
248 1343 282 1380 an
294 1324 386 1380 culum
398 1323 535 1380 olfacerem
547 1323 669 1380 Aemll'm.

62 1400 106 1456 Nil
121 1399 289 1454 immundius
302 1398 360 1462 hoe,
375 1397 442 1452 nihil
455 1405 495 1452 est
507 1397 673 1463 immundius
686 1397 744 1454 illc:

99 1491 194 1530 verum
208 1473 286 1527 etiam
298 1471 375 1527 culus
388 1471 512 1527 mundior
524 1479 550 1526 et
562 1470 663 1526 melior.

62 1551 132 1604 Nam
145 1549 203 1602 sine
215 1547 339 1602 dentibus
351 1553 402 1600 est:
418 1545 468 1600 boc
476 1545 566 1600 dentes
579 1546 782 1618 sesquipedales,
852 1561 863 1602 5

99 1622 224 1697 gingivas
237 1638 299 1675 vero
311 1620 426 1692 plcxemi
438 1620 517 1675 babet
529 1621 636 1674 veteris:
656 1643 659 1646 >

61 1705 195 1768 praeterea
208 1695 313 1758 rictum,
329 1694 435 1766 qualem
448 1693 566 1748 defessus
578 1695 606 1748 in
619 1702 721 1749 aestum

99 1771 221 1826 meientis
234 1769 321 1824 mulae
333 1786 438 1824 cunnus
450 1769 547 1824 habere
558 1767 632 1823 solet.

62 1847 111 1899 llio
123 1844 205 1899 futuit
218 1843 324 1907 multas,
339 1851 364 1898 et
377 1860 405 1898 se
416 1840 477 1897 lacit
489 1859 546 1896 esse
558 1849 710 1907 venustum,

99 1927 125 1974 et
138 1936 192 1974 non
205 1918 317 1990 pistrino
329 1917 441 1972 traditur
451 1923 529 1987 atque
541 1914 633 1971 asino‘?
838 1929 863 1970 tu

61 1994 148 2060 Quem
162 1993 185 2046 si
195 2010 249 2064 qua
259 1991 372 2063 attingit,
388 2008 440 2046 non
455 1988 527 2044 illam
540 2007 617 2061 posse
626 1999 750 2061 putemus

99 2067 200 2141 aegroti
211 2065 304 2121 culum
317 2064 416 2138 lingere
428 2064 576 2120 carnificis?

231 2191 348 2236 xevn.
375 2193 422 2238 AD
452 2191 634 2236 VETTIUM.

60 2278 94 2340 ln
108 2293 142 2348 te,
157 2284 181 2338 si
194 2283 222 2338 in
235 2300 408 2355 quemquam,
422 2283 475 2338 dici
484 2291 552 2354 pote,
567 2282 659 2354 putide
672 2283 747 2347 Vetti,

98 2359 127 2413 id
140 2357 214 2431 quod
228 2358 346 2412 verbosis
355 2358 452 2412 dicitur
464 2364 489 2411 et
501 2356 594 2411 fatuis:

60 2436 109 2488 ista
123 2449 187 2488 eum
200 2430 302 2504 lingua,
318 2432 420 2486 sinsus
435 2432 521 2485 veniat
533 2431 591 2494 tibi,
606 2431 691 2502 possis

97 2505 172 2563 culce
185 2513 211 2560 et
223 2504 342 2576 crepidas
356 2505 456 2579 lingere
466 2505 624 2560 carbatinas.

59 2581 86 2636 Si
100 2599 150 2636 nos
164 2579 274 2636 omnino
287 2579 328 2634 vis
341 2597 432 2635 omnes
442 2579 561 2651 perdere,
574 2579 650 2643 Vetti,
852 2588 863 2628 t

95 2656 199 2710 hisces:
215 2652 324 2708 omnino
337 2654 408 2725 quod
420 2654 505 2724 cupis,
520 2651 626 2708 efficies.
