2028 3034
203 127 236 180 72
489 124 657 180 CATULLI

374 285 477 329 LXXI.
506 286 553 328 AD
583 286 783 330 vluuoNElu.

208 369 240 431 Si
254 379 328 449 quoi,
347 377 432 442 Virro,
451 377 520 432 buno
537 395 608 432 saeer
620 377 723 432 alarum
735 377 836 432 obstitit
848 379 951 445 hirsus,

242 459 287 505 aut
299 453 322 504 si
335 468 415 522 quem
429 452 520 508 merito
532 452 605 506 tarda
617 451 733 525 podagra
746 459 827 506 secat:
1008 461 1009 464 ’

205 526 326 580 aemulus
339 527 387 580 iste
400 535 471 591 turre,
487 526 535 597 qui
548 534 668 582 vostrum
680 533 782 581 exercet
794 543 920 591 amorem,

242 601 353 654 mirifice
364 608 403 654 est
415 619 429 654 a
442 607 466 653 te
479 608 570 654 nactus
583 608 727 673 utrumque
739 599 852 655 malum.

151 687 162 726 5
205 676 272 729 Nam
286 675 388 745 quoties
401 673 489 738 futuit,
505 675 578 728 toties
591 675 727 729 ulciscitur
739 674 844 741 amb0s;

244 747 316 803 illam
329 747 422 820 affligit
430 748 517 813 odore,
532 749 589 820 ipse
600 750 667 820 peril
678 749 804 822 podagra.

380 875 499 919 LXXII.
527 876 574 918 An
604 876 773 920 Lusulalu.

205 960 324 1023 Dicebas
337 967 481 1041 quondam,
497 966 584 1022 solum
597 973 622 1021 te
634 985 711 1022 nosse
720 966 863 1031 Catullum,

243 1043 346 1107 Lesbia,
362 1059 410 1097 nee
422 1059 484 1112 prae
496 1059 539 1095 me
552 1041 620 1096 velle
632 1050 719 1096 tenere
731 1043 830 1098 lovem.

205 1117 290 1171 Dilexi
302 1124 360 1171 tum
373 1124 397 1170 te
400 1127 474 1182 ,uren
488 1124 590 1170 tantum
603 1125 633 1170 ut
645 1115 744 1189 vulgus
757 1117 878 1180 amicam,

242 1191 290 1246 sed
301 1198 373 1262 pater
384 1198 413 1246 ut
423 1199 516 1264 gnatos
529 1190 617 1264 diligit
629 1198 653 1244 et
665 1207 784 1276 generqs.

152 1277 163 1318 5
206 1268 283 1320 Nunc
295 1273 319 1319 te
332 1267 453 1348 eognovi.
474 1265 568 1332 Quare
585 1265 633 1320 etsi
645 1265 792 1336 impensius
804 1280 876 1329 uror,

245 1339 329 1396 multo
341 1342 379 1396 mi
391 1329 479 1396 limen
489 1358 517 1395 es
530 1339 608 1396 vilior
621 1347 646 1394 et
658 1339 749 1395 levior

205 1415 258 1481 Qui
278 1416 347 1487 potis
369 1415 444 1470 esti·
436 1416 537 1487 inquis.
562 1414 638 1482 Quod
654 1421 785 1469 amantem
797 1413 896 1468 iniuria

701 1488 760 1542 talis

243 1563 312 1635 cogit
325 1579 413 1618 amare
425 1564 519 1636 magis,
535 1563 581 1618 sed
593 1563 660 1616 bene
672 1561 740 1616 velle
752 1564 854 1616 minus

358 1690 491 1733 Lxxul.
520 1690 561 1732 IN
589 1689 797 1734 INGRATUM.

207 1773 311 1836 Desine
324 1782 357 1836 de
368 1799 504 1854 quoquam
516 1783 665 1855 quidquam
677 1783 744 1836 bene
756 1780 824 1836 velle
836 1783 941 1844 mereri,

245 1864 290 1911 aut
302 1855 419 1927 aliquem
433 1857 489 1910 fieri
501 1873 578 1926 posse
590 1865 682 1925 putare
695 1857 781 1924 pium.

207 1929 302 1984 Omnia
316 1937 380 1984 sunt
393 1930 507 2002 ingrate.
522 1928 589 1982 nihil
603 1928 693 1984 iecisse
705 1929 819 2000 benigne
831 1933 883 1980 est:

245 2005 327 2058 immo
339 2004 417 2057 etiam
430 2002 525 2066 taedet,
541 2002 563 2054 si
577 2002 619 2065 sit,
634 2003 760 2072 obestque
771 2000 873 2073 magis:

154 2091 165 2131 5
208 2087 237 2132 ut
250 2077 326 2139 mihi
342 2093 422 2147 quem
436 2092 513 2130 nemo
525 2076 635 2148 gravius
648 2092 696 2130 nee
708 2075 829 2130 aeerbius
843 2085 929 2148 urget,

243 2167 324 2223 quam
341 2149 419 2206 modo
434 2150 483 2224 qui
501 2167 543 2205 me
559 2166 645 2204 unum
662 2159 740 2223 atque
755 2150 866 2205 unicum
884 2152 945 2206 ami·

700 2243 761 2281 eum
775 2225 878 2281 habuit.

381 2354 508 2398 Lxxlv.
539 2354 577 2398 IN
607 2356 701 2400 unm
710 2357 782 2399 [ΠΜ.

208 2439 314 2503 Gellius
328 2446 452 2504 audierat
468 2459 592 2520 patruum
606 2450 745 2523 obiurgare
757 2448 848 2514 solere,
929 2511 931 2514 ,

246 2523 269 2576 si
283 2523 345 2594 quis
358 2510 463 2578 delicias
477 2525 572 2579 diceret
584 2532 630 2578 aut
642 2524 744 2580 faeeret

208 2600 261 2654 lloe
274 2616 307 2653 ne
320 2599 370 2671 ipsi
364 2599 517 2664 aecideret,
533 2599 619 2672 patrui
633 2599 802 2672 perdefeuit
795 2616 880 2671 ipsam
