2030 3036
509 146 679 200 CATULLl

260 260 325 324 quot
337 261 408 317 sunt,
422 262 540 325 quotque
552 253 633 318 suere,
648 255 733 308 Marce
746 253 825 318 Tulli,

260 333 377 398 quotque
388 335 447 398 post
459 327 518 382 aliis
531 336 609 382 erunt
622 328 649 382 in
662 329 754 397 annis,

259 401 357 476 gratias
370 402 419 457 tibi
432 403 562 458 maximas
575 400 693 458 Catullus

169 516 173 528 .
260 475 324 549 agit,
337 477 471 548 pessimus
483 478 604 533 omnium
616 483 704 548 poeta:

259 557 331 604 tento
342 552 474 622 pessimus
486 553 607 607 omnium
619 558 702 622 poeta,

259 631 358 696 quanto
368 635 397 680 tu
410 627 527 698 optimus
539 627 660 681 omnium
671 634 807 696 patronus,

434 754 460 795 L.
490 755 537 797 Au
567 752 751 797 LICINIUM.

295 835 437 909 Hesterno,
452 844 546 908 Licini,
562 845 604 898 die
616 845 693 899 otiosi

259 917 374 973 multum
388 919 502 973 lusimus
515 920 542 973 in
556 920 622 974 meis
636 919 747 984 tabellis,

259 1002 289 1047 ut
300 1001 456 1048 convenerat
468 1011 526 1048 esse
537 993 670 1048 delicatos.

258 1066 381 1122 Scribens
394 1066 537 1122 versiculos
551 1076 661 1141 uterque
673 1073 793 1124 nostrum

259 1140 365 1196 ludebat
378 1159 487 1196 numero
499 1143 577 1199 modo
589 1143 639 1199 hoo
650 1144 728 1199 modo
741 1143 809 1208 illoc,

257 1215 370 1270 reddens
381 1225 474 1272 mutua
486 1234 534 1289 per
547 1219 635 1274 iocum
647 1226 726 1291 etque
738 1220 843 1272 unum.

257 1290 344 1362 Atque
357 1289 431 1346 illinc
443 1292 496 1347 abii
506 1301 551 1348 tuo
564 1292 650 1366 lepore

258 1365 391 1432 incensus,
405 1367 500 1434 Licini,
515 1366 675 1442 facetiisque,

257 1447 288 1495 ut
299 1457 348 1495 nee
356 1457 399 1495 me
411 1442 540 1496 miserum
552 1442 628 1498 cibus
640 1443 750 1506 iuvaret,

258 1530 306 1570 nco
314 1531 425 1568 somnus
437 1523 533 1587 tegeret
542 1517 630 1586 quieto
641 1515 749 1582 ocellos;

257 1587 304 1642 sed
316 1595 368 1642 toto
380 1586 525 1642 indomitus
538 1586 625 1643 furore
638 1587 703 1642 lecto

257 1678 384 1726 versarer,
399 1661 509 1732 cupiens
522 1662 611 1717 videro
624 1661 722 1728 lucem,

257 1743 287 1789 ut
299 1742 385 1790 tecum
398 1733 527 1808 loquerer,
542 1736 677 1810 simulque
688 1745 718 1792 ut
730 1754 825 1792 essem.

256 1809 291 1864 At
302 1808 403 1865 defessa
416 1809 505 1865 labore
516 1811 635 1866 membra
647 1819 788 1885 postquam

257 1885 427 1938 semimortua
440 1883 534 1939 lectulo
547 1885 673 1948 iacebant,

255 1958 315 2022 hoe,
330 1957 453 2021 iucunde,
468 1957 516 2012 tibi
528 1974 622 2028 poema
634 1956 692 2021 feci,

256 2049 289 2086 ex
302 2048 356 2103 quo
367 2032 526 2103 perspiceres
539 2049 629 2087 meum
641 2029 767 2086 dolorem.

256 2108 333 2160 Nunc
346 2105 433 2160 audax
445 2121 507 2160 cave
519 2107 566 2171 sis,
581 2122 723 2179 precesque
735 2114 845 2172 nostros,

255 2197 372 2243 oremus,
387 2196 450 2235 eave
462 2179 585 2252 despuas,
599 2180 688 2246 ocelle,

255 2271 288 2309 ne
300 2270 398 2325 menos
410 2255 528 2310 Nemesis
540 2269 657 2328 reposcat
667 2274 682 2310 a
694 2263 728 2311 te.

255 2329 303 2384 Est
316 2328 458 2385 vehemens
470 2329 532 2401 dea3
546 2330 648 2387 laedere
660 2331 729 2387 hanc
740 2341 838 2388 caveto.

432 2458 475 2501 LL
504 2461 551 2504 Au
581 2461 749 2504 cosulem.

293 2541 343 2604 Ine
355 2550 393 2605 mi
405 2567 453 2623 par
466 2569 523 2606 esse
535 2551 583 2607 deo
596 2551 710 2618 videtur,

256 2623 309 2691 ille,
324 2626 347 2680 si
360 2625 400 2681 fas
412 2632 459 2692 est,
475 2643 599 2700 superare
609 2626 695 2693 divos,
