2028 3034
262 148 471 206 CARMINUM
490 153 615 206 LIBER.
779 153 811 205 73

103 277 225 324 uxorem,
240 265 265 312 et
277 265 402 330 patruum
415 258 529 313 reddidit
542 260 734 330 Harpocratem.
855 271 866 312 5

65 334 143 403 Quod
156 332 250 397 veluit,
265 331 337 387 feeit:
353 350 424 397 nam,
439 334 564 404 quamvis
578 334 686 388 irrumet
699 334 787 404 ipsum

104 425 178 466 nune
188 414 324 479 patruum,
340 407 452 463 verbum
465 415 517 462 non
531 408 605 462 iaeiet
618 415 737 478 patruus,

244 535 357 578 LXXV.
387 537 432 576 At)
463 534 634 579 LESBIAM.

68 619 154 683 Nulla
167 633 252 698 potest
264 625 360 680 mulier
372 635 474 681 tantum
488 644 516 680 se
529 626 614 681 didere
626 634 739 682 amatam

106 719 177 765 vere,
192 708 324 772 quantum
337 719 352 756 a
365 718 416 765 me,
431 701 534 765 Lesbia,
550 709 644 765 amata,
659 719 726 766 mea,
741 716 779 755 ea.

69 775 149 831 Nulla
163 774 228 828 fides
240 773 296 828 ullo
308 773 358 829 suit
371 793 499 846 umquam
513 773 614 830 foedere
625 783 704 842 tantu

106 856 207 922 quanta
220 847 248 902 in
262 866 349 903 amore
359 856 405 904 tuo
417 866 451 904 ex
463 857 535 920 parte
545 858 645 921 reperta
657 868 715 906 mea
728 857 776 906 eet.

71 927 149 980 Nune
161 930 200 978 eet
210 939 285 976 meus
298 923 409 978 deducta
422 931 467 978 tua
480 941 546 988 mea,
561 924 665 990 Lesbia,
680 925 767 997 culpa,
858 937 871 978 5

107 1007 187 1070 atque
199 998 235 1051 ita
247 1015 275 1051 aa
287 996 373 1053 officio
384 997 498 1069 perdidit
510 999 566 1070 ipsa
579 1016 637 1063 suo,

71 1073 167 1127 utiam
180 1088 228 1125 nec
240 1073 307 1126 bene
320 1071 387 1126 velie
399 1080 478 1145 queat
491 1073 548 1137 tibi,
563 1073 587 1127 si
599 1073 697 1144 optima
711 1071 767 1136 fias,

109 1163 157 1201 nee
169 1145 292 1201 deistere
305 1163 401 1212 amare,
416 1147 506 1201 emnia
518 1149 541 1200 si
553 1145 643 1202 iaeias.

236 1273 360 1317 LXXVI.
390 1275 436 1318 Al)
467 1275 509 1318 SE
538 1274 659 1318 [esunt.

75 1359 108 1422 Si
121 1383 176 1437 qua
189 1365 334 1420 reeordanti
347 1363 479 1422 benefacta
492 1365 579 1436 priora
588 1364 709 1435 voluptas

109 1447 150 1494 est
161 1439 273 1505 homini,
287 1457 374 1511 quum
387 1458 416 1494 ee
427 1441 522 1513 eogitat
536 1455 593 1494 esse
605 1439 694 1509 pium:

74 1531 122 1569 nee
135 1521 252 1580 sanctam
265 1513 377 1570 violasse
389 1515 478 1579 fidem,
494 1531 542 1568 nee
554 1512 655 1568 foedere
668 1514 696 1568 in
709 1512 764 1568 ullo

111 1588 207 1643 divum
219 1588 253 1642 ad
265 1587 392 1644 fallendos
404 1590 515 1644 numine
527 1587 640 1643 abusum
655 1588 789 1644 homines:

74 1662 159 1718 multa
172 1668 260 1732 parata
272 1670 379 1718 manent
391 1663 419 1718 in
433 1663 510 1736 longa
523 1671 613 1728 aetate,
628 1662 736 1728 Catulle,
864 1675 875 1715 e

112 1754 146 1791 ex
159 1736 209 1790 hoe
221 1736 323 1809 ingrato
335 1736 432 1810 gaudia
446 1755 534 1792 amere
547 1737 604 1790 tibi.

75 1814 144 1866 Nam
157 1827 341 1883 quaecumque
353 1811 473 1867 heminae
486 1813 552 1866 bene
564 1812 711 1882 quoiquam
724 1819 769 1866 ant
778 1811 819 1866 di-

569 1902 626 1940 cere
638 1894 750 1956 possunt

113 1966 161 2014 aut
172 1957 263 2024 faeere,
279 1959 343 2014 haee
354 1977 369 2014 a
382 1967 407 2014 te
418 1959 541 2032 dietaque
553 1958 672 2032 factaque
684 1968 756 2015 suut.

75 2034 173 2090 Omnia
187 2050 255 2105 quae
263 2032 380 2105 ingratae
392 2037 525 2104 perierunt
537 2035 633 2088 eredita
646 2035 738 2088 menti.

114 2107 202 2174 Quare
214 2108 266 2162 iam
280 2115 305 2162 te
317 2123 364 2162 eur
376 2107 492 2180 amplius
504 2107 654 2162 excrucies?
850 2117 875 2158 ιο

76 2183 150 2250 Quin
167 2190 197 2236 tu
213 2182 335 2237 animum
351 2181 468 2238 offirmas
485 2183 581 2254 itaque,
598 2182 675 2236 istinc
691 2187 768 2252 teque
781 2198 821 2236 re-

571 2256 646 2309 ducis

114 2338 149 2395 et,
164 2329 216 2384 diis
228 2329 329 2394 invitia,
344 2328 444 2386 desinis
456 2345 513 2385 esse
525 2328 622 2384 miser?

77 2403 191 2460 Diifieiie
203 2411 251 2469 est,
267 2402 378 2477 longum
390 2405 479 2460 subito
491 2405 619 2474 deponere
631 2418 758 2458 amorem.

115 2478 225 2534 difficile
237 2485 289 2544 eet;
305 2495 398 2534 verum
411 2479 525 2551 haeque
539 2477 611 2533 lubet
622 2476 729 2532 eitieias.

79 2556 137 2611 Una
150 2552 223 2608 salus
236 2551 301 2608 haee
309 2560 356 2618 est,
371 2552 422 2607 hoe
433 2561 472 2608 est
484 2552 533 2606 tibi
546 2549 763 2623 pervineendum.
853 2559 877 2601 15

117 2630 172 2684 Boe
184 2625 273 2692 facias,
288 2627 345 2682 eive
358 2626 386 2682 id
399 2644 451 2683 nen
464 2635 532 2698 pote,
546 2626 603 2680 sive
615 2635 683 2698 pote.
