2030 3036
212 169 245 223 20
496 169 667 224 CATULLI

249 275 357 329 Paterna
369 275 456 346 prima
468 274 598 332 lanoinata
610 282 673 329 sunt
685 276 768 332 bona:

249 348 363 402 seeunda
375 349 470 419 praeda
483 351 601 405 Pontica:
615 349 677 404 inde
690 353 763 407 tertia

250 423 331 486 lbera,
347 440 428 494 quam
441 424 490 478 seit
501 425 588 479 amnis
601 423 697 478 aurifer
710 427 807 500 Tagus.

248 497 333 562 Hune,
349 496 457 564 Galliae,
472 499 582 564 timetis,
597 506 622 552 et
633 500 800 556 Britanniae?

248 570 320 636 Quid
331 570 412 637 huno,
427 573 538 639 malum,
554 572 663 628 levetis‘l
675 583 720 628 aut
732 575 799 647 quid
809 576 853 630 hic
861 586 954 649 potest.

248 645 301 700 nisi
314 655 392 701 uncta
404 646 528 702 devorare
539 647 715 718 patrimonia?

247 719 319 774 Eone
331 721 447 786 nomine,
463 722 602 792 imperator
615 721 700 785 unios,

247 811 320 848 soeer
331 811 465 868 generque
475 795 626 866 perdidistis
638 795 746 851 omnia?

323 907 414 951 XXX.
443 907 489 954 AD
520 909 733 954 ALPHENUM.

246 975 372 1054 Alphene
389 983 528 1039 immemor
544 992 629 1113 atquel
638 986 772 1041 unanimis
794 985 857 1042 false
878 991 954 1045 soda-

631 1061 701 1125 ibus,

209 1131 263 1186 iam
276 1138 301 1186 te
313 1131 351 1186 nil
364 1131 478 1198 miseret,
492 1131 567 1200 dure,
582 1135 621 1189 tui
634 1135 720 1190 duleis
732 1136 854 1192 amiculi:

209 1205 263 1259 ianr
276 1223 318 1260 me
329 1205 447 1278 prodere,
462 1208 516 1262 iam
529 1226 582 1266 non
595 1209 701 1265 dubitas
713 1209 811 1276 iallere,
827 1211 935 1282 perfide.

208 1279 331 1335 Neaiaeta
341 1281 422 1352 impia
432 1279 556 1339 fallacum
561 1285 701 1340 hominurn
706 1279 834 1340 ooelieolis
839 1283 950 1356 plaoent.

155 1365 166 1405 5
208 1370 277 1425 quae
289 1362 318 1409 tu
330 1355 454 1430 negligis,
468 1375 499 1413 ae
510 1376 554 1414 me
566 1359 694 1414 miserum
706 1358 804 1414 deseris
821 1359 850 1414 in
862 1360 951 1416 malis.

207 1428 296 1484 Eheu!
307 1431 373 1502 quid
383 1431 478 1488 laniant
487 1433 583 1489 dehino
592 1434 722 1558 homineq,
734 1433 831 1506 quoive
839 1433 953 1491 habeant

619 1507 698 1561 fidem

209 1576 282 1632 Certe
295 1585 349 1633 tute
361 1580 470 1636 iubebas
483 1581 599 1635 animam
611 1578 720 1643 tradere,
735 1579 835 1650 inique,
850 1598 893 1635 me

207 1651 336 1708 indueens
348 1655 378 1709 in
390 1671 514 1718 amorem,
529 1653 606 1725 quasi
619 1659 674 1707 tuta
686 1653 775 1707 omnia
788 1654 825 1707 mi
837 1652 931 1711 inient.

208 1725 282 1781 ldem
294 1745 367 1783 nune
379 1728 490 1784 retrahis
502 1735 535 1792 te,
550 1743 581 1782 ae
592 1733 637 1782 trra
650 1727 718 1782 dieta
730 1727 818 1783 omnia
829 1728 952 1803 laetaque

154 1810 179 1851 ιο
208 1809 299 1856 ventes
312 1803 384 1857 irrita
397 1801 464 1856 ferre
475 1818 506 1856 ae
517 1800 627 1856 nebulas
640 1801 722 1856 aerias
736 1802 813 1856 sinis.

207 1874 235 1929 Si
248 1883 277 1930 tu
286 1877 384 1933 oblitus
394 1893 431 1941 es,
446 1883 472 1930 at
481 1875 518 1930 dii
528 1875 714 1939 meminerunt,
727 1877 948 1932 meminitFides:

207 1967 276 2021 quae
288 1958 312 2005 te
324 1958 354 2006 ut
364 1949 494 2022 poeniteat
504 1949 641 2020 postmodo
652 1946 712 2003 iacti
725 1946 800 2004 laniet
811 1951 861 2004 tui.

212 2055 319 2098 XXXI.
345 2055 391 2098 AB
422 2052 629 2098 stnMInNEru
658 2053 928 2100 PAENINSULAM

280 2122 513 2193 Paeninsularum,
527 2127 632 2193 Sirmio,
647 2127 849 2200 insularumque

243 2202 332 2268 ooelle,
347 2219 522 2275 quascunque
534 2203 563 2257 in
575 2202 739 2275 liquentibus
751 2205 853 2277 stagnis

244 2279 365 2350 marique
377 2285 451 2332 vaste
462 2276 512 2332 lert
523 2285 634 2351 uterque
645 2279 797 2349 Neptunus:

243 2369 325 2424 quam
340 2359 364 2407 te
376 2352 495 2418 libenter,
510 2371 647 2426 quamque
658 2352 741 2408 laetus
754 2353 850 2418 inviso,

246 2427 292 2483 vix
304 2428 343 2482 mi
355 2428 413 2500 ipse
424 2428 665 2503 eredansThyniam
678 2436 756 2500 atque
767 2428 894 2503 Bithynos

243 2501 354 2575 liquisse
366 2519 481 2576 campos,
494 2511 520 2559 et
532 2503 621 2560 videre
631 2511 657 2559 te
669 2503 697 2559 in
710 2510 775 2558 tuto.

243 2576 266 2633 0
279 2578 346 2651 quid
358 2578 451 2634 solutis
464 2585 502 2634 est
514 2579 615 2634 beatius
628 2577 718 2633 euris?

244 2669 330 2726 quum
341 2669 417 2710 mens
429 2671 498 2710 onus
510 2655 620 2727 reponit,
635 2669 665 2709 ae
675 2652 813 2726 peregrino
