2040 3030
272 188 346 243 LlB.
366 189 404 245 ll.
434 187 548 244 ELEG.
568 188 636 244 XX.
777 194 828 248 207

306 349 491 394 uARMEN
528 348 588 393 XX.

80 435 152 498 Vidi
162 458 210 516 ego
221 440 282 496 lein
292 442 393 496 somnis
403 441 491 508 fractu,
503 459 562 498 mea
571 443 634 509 vila,
644 445 731 500 carina

118 517 191 572 Ionio
201 515 284 570 lassas
294 514 389 571 dueere
400 533 458 571 rore
467 533 577 586 manus;

79 599 106 648 el
114 606 289 664 quaeeunque
299 590 327 646 in
337 608 380 645 me
390 590 476 646 fueras
486 591 603 657 mentita,
615 589 702 661 fateri3

118 683 167 720 nee
176 666 230 721 iam
240 665 351 721 humore
360 683 455 738 graves
464 664 553 721 tollere
562 683 639 737 posse
648 682 751 724 eomas:

80 739 187 815 qualem
196 740 338 814 purpureis
348 741 471 814 agitatam
482 739 606 795 fluetibus
615 739 715 807 Hellen,
870 755 881 796 5

117 833 196 871 aurea
206 833 289 887 quam
299 814 373 870 molli
384 823 484 889 tergore
494 815 566 870 vexit
575 815 644 872 ovis.

80 890 168 958 Quam
178 890 263 956 timui,
276 909 310 946 ne
318 889 383 946 forte
393 897 469 945 tuum
479 906 551 944 mare
561 906 656 945 nomen
670 889 784 956 haberet,

118 972 197 1038 atque
206 973 251 1020 tua
259 964 351 1021 labens
361 965 450 1022 navita
460 963 531 1020 fleret
539 965 623 1037 eque!

80 1039 153 1108 Quae
162 1046 219 1094 tum
229 1042 414 1114 egoNepluno‚
420 1057 489 1113 quae
496 1048 554 1095 tum
563 1057 625 1095 eum
631 1039 735 1096 Castore
742 1038 824 1105 fratri,

117 1132 238 1188 quaeque
247 1115 295 1169 tibi
305 1116 396 1188 exeepi
406 1123 464 1170 tum
472 1114 521 1169 dea
529 1113 691 1170 Leucothoe?
856 1125 880 1167 ιο

80 1188 114 1244 At
122 1197 161 1254 tu,
172 1190 219 1244 vix
228 1189 328 1261 primae
337 1189 463 1245 extollens
472 1189 576 1262 gurgite
584 1188 696 1260 palmae,

117 1280 194 1335 saepe
203 1279 294 1318 meum
303 1281 400 1318 nomeu
409 1262 463 1318 iam
472 1264 587 1334 peritura
600 1279 687 1319 voees.

81 1335 158 1402 Quod
167 1336 191 1390 si
200 1334 265 1390 forle
274 1343 333 1392 tuos
344 1335 453 1392 vidisset
461 1335 578 1391 Glaucus
587 1336 691 1402 oeelloe,

118 1408 340 1465 eesesloniilacta
348 1408 537 1482 pneumatis,

80 1492 105 1540 el
114 1485 163 1540 tibi
171 1484 205 1540 ob
216 1483 344 1540 invidiam
354 1483 477 1540 Nereldee
486 1482 677 1555 increpitarent,

117 1559 229 1615 candida
239 1561 345 1625 Nesaee,
360 1556 463 1614 caerula
473 1557 627 1632 Cymoffloe'.

80 1634 132 1690 Sed
141 1635 189 1689 libi
199 1633 320 1688 subsidio
329 1633 486 1705 delphinum
495 1648 599 1687 currere
607 1631 673 1697 vidi,

117 1708 175 1780 qui‘,
187 1715 259 1779 puto,
270 1706 405 1763 Arioniam
415 1713 522 1764 vexerat
530 1712 590 1762 aute
599 1704 695 1779 lyram.

80 1784 189 1854 lamque
198 1798 248 1856 ego
256 1781 369 1837 oonabar
378 1798 485 1836 summo
494 1798 537 1836 me
546 1781 647 1835 mittere
656 1797 728 1844 saxo,

117 1873 203 1930 quum
213 1855 281 1911 mihi
290 1855 415 1914 discussit
423 1855 662 1912 uliavisametus:
853 1863 879 1906 ee

79 2008 158 2061 Nune
167 2004 338 2071 admirentur.
349 2005 422 2078 quod
431 2012 484 2060 tam
493 2004 560 2060 mihi
570 2001 680 2076 pulchra
690 2001 778 2074 puella

117 2080 222 2146 serviat,
234 2086 318 2136 atlete
328 2079 400 2136 dicar
409 2081 438 2136 in
448 2079 515 2136 urbe
524 2086 625 2152 petens.

79 2155 148 2218 Non,
160 2153 183 2208 ei
193 2154 339 2229 Cambysae
348 2154 463 2220 redeant,
474 2162 499 2208 et
508 2153 619 2209 flumina
629 2153 727 2216 Caesi,

117 2225 199 2281 dieat:
219 2228 256 2283 De
265 2236 353 2284 nostro
362 2246 450 2302 surge,
462 2235 546 2298 poeta,
558 2235 623 2282 toro.

79 2302 148 2356 Nam
158 2317 216 2356 mea
225 2318 311 2373 quum
322 2303 418 2368 recitat,
430 2301 494 2356 dicit
502 2319 531 2355 se
540 2301 627 2356 odisse
636 2301 737 2368 beatos3
851 2307 878 2352 25

116 2374 233 2430 earmina
243 2382 296 2430 tam
306 2382 394 2430 sauete
403 2374 477 2430 nulla
488 2373 574 2446 puella
588 2374 658 2429 eolit.

78 2449 192 2508 Multum
202 2447 231 2504 iu
241 2465 329 2504 amore
338 2448 412 2515 fidae,
425 2449 539 2504 multum
547 2449 689 2504 constantia
699 2447 812 2519 prodest.

115 2523 168 2591 Qu
177 2522 240 2579 dare
250 2522 333 2579 multa
342 2531 434 2596 polest,
446 2522 530 2579 multa
538 2530 564 2578 et
572 2539 660 2578 amare
672 2529 764 2593 polest.

78 2598 128 2656 Seu
139 2615 212 2654 mare
221 2596 387 2672 perlongum
397 2615 455 2654 mea
464 2598 557 2672 cogitet
569 2597 607 2652 ire
615 2595 711 2669 puella,

12 2677 15 2734 l
85 2746 97 2760 Ν
115 2673 183 2730 hane
192 2691 296 2748 sequar.
309 2681 334 2729 et
343 2673 410 2730 udos
420 2691 472 2731 uua
483 2680 542 2748 aget
551 2689 614 2730 eura
624 2671 701 2728 duos.
850 2679 877 2724 eu
