2040 3030
205 182 256 238 tlt
472 179 684 236 PROPERTII

243 289 290 344 vix
300 287 410 343 memini
419 287 496 343 nobis
506 289 587 345 verba
595 288 788 347 coissedeoem.

206 364 305 420 Cuncta
316 370 377 419 tuus
387 362 507 434 sepelivit
517 381 603 420 amor:
623 363 779 422 saciamina
788 375 846 439 post
856 376 882 424 to

152 449 177 491 tt
244 437 299 493 ulla
309 438 380 494 dedit
389 437 455 493 collo
464 437 552 494 dulcia
563 438 650 494 vincla
659 456 727 496 meo.

206 513 290 568 Testis
299 513 347 567 erit
356 513 431 567 Dirce
441 520 495 568 tam
505 530 567 568 vcro
578 514 689 569 crimine
700 532 787 582 saeva,

243 590 355 662 Nycteos
365 589 494 659 Antiopen
504 588 747 662 accubuissoLyco.

206 661 247 718 Ah
257 663 359 734 quoties
369 661 494 734 pulchros
504 663 572 718 ussit
585 664 674 736 regina
685 663 802 736 capillos,

245 734 388 810 molliaque
398 737 513 792 immites
524 738 582 792 fixit
592 738 617 792 in
629 755 674 792 ora
683 739 793 794 mantis!

152 823 177 866 tt
207 811 241 867 ah
254 813 357 884 quoties
367 810 495 867 famulam
504 813 595 884 pensis
604 813 722 871 oneravit
731 813 841 886 iniquis,

244 894 269 940 et
277 897 356 958 caput
366 887 393 940 in
403 886 469 941 dura
480 904 576 958 ponere
586 887 664 941 iussit
672 887 767 944 humol

207 960 288 1032 Saepe
298 959 371 1014 illam
381 960 528 1014 immundis
537 979 615 1032 possa
624 969 663 1016 est
675 961 794 1017 habitare
801 960 925 1026 tenebris,

244 1033 323 1088 vilem
335 1034 439 1088 ieiunae
447 1051 524 1105 saepe
533 1035 640 1108 negavit
649 1052 757 1107 aquam.

206 1109 331 1182 luppiter,
343 1109 472 1181 Antiopae
479 1126 613 1181 nusquam
622 1111 755 1165 succurris
764 1109 870 1165 habenti

152 1193 177 1237 to
244 1191 280 1239 tot
290 1183 377 1239 mala‘l
396 1184 547 1258 Corrumpit
556 1183 623 1239 dura
632 1191 721 1240 catena
734 1202 838 1240 manus.

206 1258 235 1314 Si
244 1258 310 1313 deus
319 1275 357 1325 es,
368 1259 418 1314 tibi
427 1267 513 1332 turpe,
522 1267 597 1314 tuam
607 1259 706 1315 serviro
715 1258 841 1332 puellam.

244 1335 349 1389 lnvooot
358 1335 471 1407 Antiopa
480 1351 561 1408 quem
571 1335 625 1389 nisi
635 1335 721 1390 vincta
733 1332 839 1389 lovem?

206 1408 266 1464 Sola
275 1416 372 1475 tamem
383 1426 559 1482 quaecunque
568 1409 676 1464 adoram
688 1410 715 1464 in
724 1425 832 1480 corporo
842 1409 922 1473 vires,
1007 1453 1008 1468 i

244 1483 345 1556 regales
353 1485 470 1539 manicas
480 1483 552 1555 rupit
561 1490 673 1557 utraque
683 1501 776 1540 manu.

151 1568 177 1611 25
206 1557 270 1613 lude
281 1559 443 1614 Cithaeronis
453 1557 546 1612 timido
554 1557 621 1629 pedo
629 1560 712 1613 currit
720 1559 838 1614 inanem.

243 1635 302 1688 Nox
310 1640 373 1698 arat,
384 1639 410 1686 ot
419 1649 510 1704 sparso
518 1632 592 1687 trista
599 1631 687 1688 cubile
715 1631 769 1687 clu.

206 1707 287 1780 Saepe
296 1725 364 1782 vago
373 1706 454 1780 Asopi
463 1707 552 1763 sonitu
562 1715 680 1779 permota
689 1649 795 1762 Auaritia

243 1782 364 1838 credebat
372 1781 495 1839 dominas
503 1799 572 1854 pono
581 1783 671 1837 venire
680 1781 773 1853 pedes:

205 1865 230 1912 ot
240 1857 338 1912 durum
348 1857 468 1920 Zethum,
479 1863 505 1910 et
517 1855 633 1909 lacrimis
642 1855 792 1925 Amphiona
804 1851 913 1908 mollem

151 1941 177 1985 to
244 1947 277 1984 ex
311 1937 350 1984 rta
359 1928 518 1984 eatstabulis
528 1935 611 1981 mater
620 1928 710 1981 abacta
719 1927 786 1979 suis.

204 2004 243 2058 Ao
252 2020 284 2058 ve
297 2003 342 2066 uti,
355 2019 398 2054 ma
436 2016 465 2053 os
475 2016 561 2070 quum
571 2006 674 2070 ponunt
683 2015 796 2071 aequora
806 2004 906 2066 motus,

241 2077 330 2130 Eurus
341 2074 368 2127 in
379 2018 502 2128 allersos
512 2071 609 2126 desinit
616 2073 655 2127 iro
664 2073 754 2138 Notos,

204 2151 279 2205 litore
288 2149 312 2203 si
323 2147 398 2204 tacito
408 2147 509 2202 sonitus
519 2147 626 2202 rarescit
638 2164 744 2203 arenae:

242 2226 281 2280 sic
290 2224 358 2280 cadit
366 2221 463 2279 inllexo
473 2223 545 2296 lapsa
554 2222 643 2296 puella
652 2241 734 2298 genn.

151 2311 176 2355 as
208 2300 270 2356 Sera
278 2308 366 2356 umen
376 2300 468 2373 pietas,
480 2299 549 2354 natis
558 2306 598 2354 est
606 2299 728 2374 cognitus
740 2315 820 2354 orror.

243 2377 274 2431 oi
312 2374 646 2448 olovisnatosquituears
655 2391 745 2439 senex,

243 2395 332 2507 regillis
341 2452 431 2525 pueris
441 2457 560 2515 matrem,
572 2451 701 2523 puerique
710 2446 866 2504 trahendam

244 2528 388 2584 vinxerunt
396 2526 489 2582 Dircen
499 2525 551 2580 sub
560 2526 641 2581 trucis
651 2542 697 2580 cra
706 2523 792 2579 bovis.

205 2459 234 2508 tu

207 2603 327 2675 Antiope,
338 2619 465 2676 cognosce
476 2602 576 2656 lovem:
597 2600 647 2656 tibi
654 2599 739 2674 gloria
747 2597 823 2652 Dirce

103 2683 111 2696 '
152 2685 178 2732 to
245 2678 359 2743 ducitur,
372 2677 400 2733 in
411 2675 503 2732 multis
513 2682 624 2732 mortem
633 2675 756 2731 habitura
766 2671 839 2726 locis.
