2030 3040
285 190 357 243 ΗΒ.
378 191 415 243 11.
445 189 550 243 ELEG
580 190 617 243 X.
780 195 822 245 tet

76 371 300 443 Quandocunque
311 371 393 444 igitur
403 379 504 426 nestros
514 387 586 426 mors
596 370 699 426 claudet
707 371 810 437 ocellos,

118 446 207 517 accipe
216 462 284 517 quae
293 463 381 500 serves
392 444 492 500 itineris
502 453 557 499 aete
567 447 629 499 mei.

77 521 135 574 Nec
145 537 203 574 mea
215 526 277 573 tune
286 519 364 592 longa
373 519 498 590 spatietur
507 519 623 592 imagine
632 537 737 592 pompa,

119 609 169 648 nee
177 593 241 648 tuba
250 594 285 648 sit
294 592 340 648 fati
350 610 418 647 vana
428 592 534 665 querela
544 594 606 648 mei.
856 605 882 647 aa

79 669 137 722 Nec
145 668 213 721 mihi
223 675 281 722 tum
290 666 374 723 fulcro
383 674 511 723 sternetur
524 667 605 722 lectus
616 667 729 736 eburnc;

120 759 168 796 nec
177 742 211 797 sit
220 742 249 796 in
257 741 368 798 Attalico
377 759 448 797 mors
460 759 518 796 mee
527 743 591 798 nixa
601 750 665 797 tero.

79 816 153 870 Desit
162 815 297 871 odoriferis
306 817 370 872 erdo
379 817 447 871 mihi
457 816 590 885 lancibus;
612 817 698 872 adsint

119 889 214 961 plebeii
223 907 320 963 parvae
329 891 429 946 aneas
439 891 588 964 exsequiae.

81 964 127 1019 Sat
137 981 194 1020 mea
204 973 244 1020 sat
254 983 350 1040 magna
360 973 407 1032 est,
418 966 442 1020 si
451 973 503 1020 tres
512 967 565 1020 sint
573 983 668 1038 pompa
678 965 770 1031 libelli,
857 975 882 1018 25

121 1056 188 1111 quos
198 1057 246 1114 ego
255 1041 434 1113 Persephonae
444 1041 560 1096 maxima
570 1040 638 1096 dona
647 1039 739 1096 ieram.

82 1114 123 1167 Tu
134 1131 195 1168 vero
205 1114 309 1169 nudum
317 1125 407 1186 pectus
418 1115 526 1170 lacerata
536 1115 663 1187 sequeris,

121 1205 169 1242 nec
178 1186 259 1242 fueris
269 1205 364 1243 nemen
376 1187 444 1242 lassa
452 1203 544 1243 vocare
552 1191 655 1254 meum;

82 1262 226 1335 osculaque
235 1262 263 1315 in
272 1261 367 1334 gelidis
376 1277 458 1331 pones
467 1278 590 1334 suprema
600 1261 710 1325 labellis,

121 1353 207 1407 quum
217 1335 323 1390 dabitur
332 1334 409 1408 Syrio
417 1350 526 1388 munere
535 1333 630 1405 plenus
639 1351 722 1406 onyx.
856 1347 881 1390 sc

83 1408 190 1474 Deinde,
203 1408 251 1464 ubi
259 1408 412 1480 suppositus
422 1407 536 1463 cinerem
545 1423 589 1461 me
597 1407 685 1462 lecerit
694 1408 777 1473 arder,

122 1483 230 1556 accipiat
239 1499 329 1538 manes
338 1481 450 1554 parvula
459 1488 522 1536 testa
533 1498 604 1536 meos
614 1502 619 1535 :

83 1564 109 1612 et
117 1559 152 1612 sit
161 1558 189 1612 in
199 1557 296 1632 exiguo
305 1557 397 1614 laurus
406 1554 573 1627 superaddita
583 1555 669 1618 busto,
690 1575 691 1578 ¹

121 1629 506 1704 quaetegatexstincti‘funeris
516 1629 611 1684 umbra
626 1628 721 1683 locum.

83 1706 118 1759 Et
126 1705 180 1759 duc
190 1705 243 1760 sint
252 1722 359 1760 versus:
383 1704 434 1770 Qm‘
446 1720 515 1758 nune
527 1708 596 1760 iacet
607 1705 716 1757 lurida
725 1709 821 1772 paleis,
856 1716 882 1759 35

121 1784 199 1833 antus
211 1782 253 1834 ltie
266 1783 394 1848 quendem
406 1793 496 1832 aeacus
507 1781 606 1832 amotis
617 1785 681 1832 erat.
912 1801 914 1806 ·

84 1854 138 1907 Nec
149 1852 239 1907 minus
248 1851 313 1906 haec
322 1851 403 1906 nostri
413 1857 526 1906 notescet
534 1850 604 1906 lama
614 1851 736 1922 sepulcri,

121 1943 203 1999 quam
212 1925 314 1982 fuerant
322 1924 411 1981 Phthii
421 1926 498 1981 busta
508 1933 615 1980 auecta
624 1925 687 1980 viri.

83 2002 124 2056 Tu
134 2017 249 2074 queque,
262 2002 284 2056 si
295 2000 402 2074 quando
413 2001 501 2056 venies
511 2000 545 2055 ad
554 1999 614 2066 lata,
626 2009 766 2064 memento,

120 2075 170 2130 hoc
183 2077 230 2130 iter
239 2075 273 2131 ad
283 2075 381 2147 lapidee
392 2091 455 2130 cana
465 2076 526 2130 veni
536 2091 675 2130 memores.
857 2087 881 2127 re

84 2151 181 2204 Interea
192 2166 254 2203 cave
263 2151 300 2204 sis
311 2167 358 2204 nes
368 2157 504 2222 aspernata
514 2149 642 2220 sepultos:

122 2222 242 2277 nennilril
253 2222 286 2277 ad
295 2239 389 2278 verum
398 2224 501 2278 conscia
511 2231 578 2277 terra
588 2223 665 2294 sepit.

84 2297 169 2368 lltqare
178 2297 281 2351 utinam
290 2297 384 2368 primis
394 2297 511 2352 animam
520 2314 563 2351 me
573 2313 668 2368 ponere
678 2297 754 2350 cunis

122 2370 241 2425 iussisset
249 2371 358 2444 quaevis
368 2370 401 2425 de
412 2371 496 2426 tribus
504 2388 558 2426 una
568 2387 650 2425 seror.

83 2448 149 2500 Nam
158 2461 212 2518 quc
222 2452 275 2500 tam
284 2444 380 2500 dubiae
389 2451 507 2500 servetur
516 2445 624 2517 spiritus
635 2444 731 2500 herae‘?
855 2454 880 2500 te

119 2519 234 2574 Nestoris
244 2527 283 2574 est
293 2520 368 2575 visus
377 2528 436 2592 pest
445 2520 495 2574 tria
507 2519 590 2574 saecla
599 2519 677 2574 cinis.

83 2593 109 2647 si
119 2602 169 2648 tam
181 2593 323 2668 longaevae
331 2591 471 2648 minuisset
479 2592 529 2649 lata
539 2601 655 2649 senectae

119 2666 235 2724 Gallicus
245 2668 330 2724 Iliacis
339 2668 416 2725 miles
427 2670 454 2725 in
465 2669 614 2744 aggeribus,
