2030 3040
201 194 249 244 ⁴80
465 187 673 244 PROPERTll

145 307 170 350 85
199 299 221 351 si
232 305 257 351 te
265 297 330 352 forte
338 313 397 352 meo
407 296 484 352 ducet
496 315 536 352 vis
546 297 667 368 proxime
676 297 762 362 husto,

237 371 327 426 esseda
336 370 440 426 eaelatis
450 371 513 426 siste
521 372 646 427 Britanna
655 371 735 446 iugis,

199 445 314 519 taliaque
323 444 494 501 inlacrimans
504 454 593 500 mutae
602 446 656 500 iace
665 446 745 501 verbe
756 445 875 502 favillae:

236 520 299 576 lium
319 539 406 578 nissae
425 539 505 578 essu!
523 539 588 576 nusi
608 537 700 576 sesses
716 539 781 578 ems.

459 647 620 691 ELEGIA
650 649 684 692 11.

199 729 259 806 Qui
270 739 371 794 nullam
386 739 433 795 tibi
443 739 547 794 dioebes
558 740 611 794 iem
620 757 697 810 posse
706 757 807 798 nooere.

237 815 356 869 haesisti:
377 813 470 869 cecidit
478 814 587 884 spiritus
597 813 642 870 ille
653 822 724 870 tuus.

198 889 250 944 Vix
261 905 346 943 unum
356 895 437 959 potes,
451 887 551 952 infelix,
564 889 725 960 requiesoere
734 906 861 956 mensem,

235 970 260 1016 et
269 962 354 1034 turpis
364 961 397 1017 de
407 971 431 1016 te
441 964 494 1016 iem
504 961 570 1016 liber
580 962 644 1017 alter
657 964 717 1018 erit.

144 1048 156 1090 5
197 1037 277 1091 Liber
285 1053 366 1102 eram,
377 1043 403 1090 et
411 1052 494 1090 vacuo
501 1035 647 1091 meditabar
658 1037 745 1092 vivere
756 1038 832 1094 leste:

235 1118 261 1166 et
270 1127 313 1166 me
321 1111 463 1182 composite
471 1125 534 1181 paee
543 1109 633 1166 fefellit
641 1110 732 1168 Amor.

197 1184 370 1252 Quaerebam,
382 1186 450 1240 sieee
460 1185 483 1239 si
493 1193 580 1256 posset
587 1187 668 1258 piscis
678 1204 765 1252 arene,

235 1277 284 1316 neo
291 1259 384 1316 solitus
396 1269 476 1332 ponto
485 1261 574 1316 vivere
581 1267 672 1317 torvus
681 1278 756 1333 aper3

198 1342 244 1390 aut
284 1336 333 1392 osi
343 1352 448 1408 possem
458 1335 553 1392 studiis
564 1336 674 1411 vigilare
684 1336 798 1392 severis:

144 1420 169 1460 το
235 1408 262 1463 di
297 1417 362 1476 rtur,
375 1427 515 1482 nunquam
524 1410 624 1466 tollitur
632 1411 705 1468 ullus
715 1429 798 1466 amor.

197 1484 236 1538 Ac
245 1483 327 1540 veluti
336 1485 422 1556 prime
433 1494 524 1540 taurus
534 1485 657 1541 detrectet
667 1493 759 1551 araim

233 1567 292 1628 post
302 1559 375 1614 venit
384 1559 492 1616 adsueto
501 1558 589 1613 mollis
599 1559 633 1615 ad
641 1578 704 1616 arva
714 1560 790 1632 iug03

197 1633 236 1687 sie
244 1633 331 1702 primo
341 1631 449 1688 iuvenes
458 1631 588 1704 trepident
598 1634 624 1689 in
635 1651 723 1690 emere
732 1632 836 1698 ferooes,

234 1707 331 1762 dehine
340 1707 432 1764 domiti
441 1715 500 1778 post
509 1708 573 1762 hese
582 1708 802 1780 aequeetiniqua
811 1709 908 1765 ferunt.

144 1793 168 1834 15
198 1782 296 1852 Turpia
306 1799 446 1854 perpessus
457 1790 528 1836 vetes
537 1789 576 1835 est
585 1781 671 1837 vincla
680 1781 836 1853 Melampus,

234 1858 355 1926 cognitus
364 1854 458 1926 Iphicli
468 1855 633 1923 subripuisse
642 1855 736 1908 boves:

197 1945 278 1999 quem
287 1944 340 1981 non
350 1926 431 1989 luere,
444 1926 530 1997 magis
539 1926 604 1979 Pero
613 1925 724 1978 formose
734 1935 827 1996 mega,

234 2017 297 2054 mox
306 1998 482 2071 Amythaonia
492 2005 574 2066 nupta
584 1996 672 2051 futura
682 1996 770 2052 demo.

196 2077 249 2129 Neo
259 2089 301 2127 me
311 2079 364 2125 tem
373 2070 460 2134 facies,
477 2070 602 2143 quemvis
616 2071 651 2125 sit
659 2070 780 2136 eandida,
791 2073 871 2144 oepit.

142 2159 167 2200 20
232 2145 300 2220 (lilia
310 2161 361 2200 non
373 2145 479 2200 domina
488 2144 542 2199 sint
551 2145 637 2219 magis
646 2145 706 2202 elba
719 2164 791 2204 mee:

197 2230 226 2275 ut
235 2221 358 2277 Maeotica
367 2221 416 2276 nix
425 2220 509 2279 minio
518 2219 542 2276 si
552 2228 630 2276 eertet
640 2222 724 2288 Ibero,

234 2304 316 2369 utque
325 2313 398 2352 rosas
405 2313 474 2368 puro
484 2295 548 2352 laete
557 2304 648 2353 natant
657 2297 748 2370 solim)

196 2388 244 2428 nee
252 2372 285 2428 de
294 2389 366 2428 more
375 2389 464 2429 eomes
474 2389 521 2444 per
530 2370 613 2429 laevis
623 2373 689 2430 eolla
699 2372 819 2439 fluentes,

233 2464 286 2503 non
296 2446 375 2513 oculi,
387 2448 518 2522 geminae,
529 2448 615 2504 sidera
625 2458 721 2514 nostre,
733 2447 815 2505 isses:

141 2532 166 2575 25
196 2539 244 2578 nee
253 2523 277 2577 si
287 2539 340 2594 qua
349 2521 446 2579 Arabio
456 2522 525 2578 lueet
536 2523 667 2598 hombyee
674 2522 775 2596 puella:

233 2597 630 2672 (nonsumdenihileblendus
639 2597 808 2672 ametorego)

196 2680 326 2746 quantum
336 2672 407 2744 qued
418 2674 503 2745 posito
511 2672 625 2732 formose
634 2674 710 2732 saltet
718 2673 819 2740 lembo,
