2020 3036
276 138 347 195 ΗΒ.
364 139 390 204 ,1.
419 138 533 192 ELEG.
555 141 591 192 ii.
773 142 805 192 89

53 249 91 301 Te
103 244 202 300 bellare
211 244 283 298 decet
293 251 369 308 terra,
381 244 501 311 Messala,
513 247 642 318 marique,

95 329 125 374 ut
135 319 232 374 domus
240 317 347 374 hostrles
356 318 483 389 praeierat
492 320 612 376 exuvies.

53 397 98 450 Me
109 393 222 449 retinent
231 393 350 450 vincwm
359 391 488 449 formosae
498 394 583 450 vincla
592 393 703 466 puellae,
835 406 859 448 55

95 477 121 524 et
131 467 208 524 sedeo
217 467 298 524 dures
308 468 402 523 ianitor
411 475 470 524 ante
479 467 556 523 iores.

56 546 117 598 Non
127 560 176 615 ego
186 541 288 598 laudari
298 559 370 607 curo,
382 559 440 597 mea
449 542 534 597 Delie:
547 551 632 597 ieelim

95 616 242 672 dummodo
251 617 313 681 sim,
325 633 424 688 quaeso
433 617 523 690 segnis
533 617 657 689 inersque
666 633 750 672 vocer.

57 694 94 747 Te
104 701 228 762 spectem,
242 707 364 762 supreme
374 691 440 746 mihi
451 709 536 764 quum
546 691 646 749 venerit
655 692 728 751 hore.

95 773 233 821 tetenecm
243 765 358 820 moriens
368 765 503 821 deficiente
512 784 604 821 manu.
835 778 859 818 cc

58 841 148 895 Flebis
157 847 183 894 et
192 855 284 894 arsuro
296 840 413 910 positum
423 857 475 906 me,
485 841 566 906 Delie,
579 841 652 906 lecte,

96 914 218 968 tristibus
226 921 252 968 et
260 912 377 968 lacrimis
385 913 474 970 oscula
484 916 567 970 mixta
581 915 666 971 dabis.

60 988 162 1056 Flebis;
179 1004 231 1045 non
242 995 285 1043 tue
296 995 359 1043 sunt
367 988 434 1044 duro
444 990 592 1061 praecordia
603 989 670 1045 ferro

97 1065 196 1127 iuncte,
209 1063 294 1117 necin
304 1069 391 1118 tenero
400 1071 451 1118 stat
460 1064 508 1119 tibi
519 1064 596 1120 corde
605 1064 681 1119 silex.

60 1136 685 1211 lilononiuvenispeteritdeiunerequisquem
837 1150 861 1190 es

98 1211 210 1275 lumina,
222 1226 275 1265 non
285 1211 369 1284 virgo,
382 1212 449 1266 sicce
460 1211 553 1268 referre
563 1212 681 1268 domum.

60 1287 100 1341 Tu
110 1286 201 1340 Manes
212 1302 244 1340 ne
255 1284 328 1343 laede
338 1303 423 1354 me0s3
436 1286 483 1341 sed
491 1303 569 1359 perce
578 1286 670 1341 solutis

98 1359 226 1424 crinibus,
238 1360 376 1424 citerioris,
389 1359 469 1424 Delia,
483 1377 560 1432 perce
569 1361 655 1433 genis.

60 1437 169 1498 Interea,
182 1433 247 1488 dum
256 1432 307 1488 ieie
317 1434 418 1498 sinunt,
431 1434 574 1508 iungamus
583 1451 697 1490 amores.
833 1489 834 1492 ,

98 1509 152 1563 iam
162 1508 249 1562 veniet
258 1509 372 1566 tenebris
381 1509 451 1564 Mors
460 1509 580 1580 adoperta
594 1517 681 1582 ceput.
837 1521 862 1561 70

61 1587 115 1638 iam
127 1582 250 1654 subrepet
259 1583 330 1638 iners
340 1591 418 1648 aetas,
431 1600 479 1638 nec
487 1601 575 1640 emere
584 1583 692 1647 decebit,

98 1656 184 1711 dicere
194 1673 242 1712 nec
252 1673 316 1712 cano
325 1657 467 1713 blanditias
478 1659 566 1730 capiti.

62 1735 139 1786 Nunc
149 1730 214 1786 levis
224 1739 263 1786 est
272 1731 508 1798 tractendeVenus,
521 1733 586 1788 dum
595 1732 715 1806 frangere
722 1739 807 1804 posces

99 1823 152 1860 non
164 1804 246 1877 pudet
254 1813 279 1860 et
288 1807 359 1861 rixas
371 1806 513 1862 inseruisse
522 1808 604 1863 iuvat.

62 1881 109 1948 iiic
117 1897 166 1954 ego
175 1879 231 1935 dux
241 1879 371 1953 milesque
380 1881 480 1936 bonus:
493 1899 549 1948 vos,
562 1883 638 1956 signa
646 1880 786 1952 tubaeque,
836 1891 861 1931 75

99 1954 246 2026 iieprccu13
258 1955 361 2027 cupidis
372 1955 482 2011 vulnera
494 1953 556 2012 serie
566 1957 644 2025 viris;

63 2029 124 2084 ferte
133 2038 242 2100 et,0pes;
253 2047 302 2102 ego
312 2031 454 2102 composite
463 2048 572 2086 securus
582 2047 674 2087 acervo

99 2103 241 2175 despiciam
251 2103 325 2170 dites,
338 2105 534 2178 despiciamque
542 2106 649 2162 semem.

322 2233 480 2277 cincii
511 2235 545 2277 11.

62 2314 141 2378 Adde
151 2340 264 2390 merum,
275 2325 393 2397 ,vinoque
403 2341 485 2380 novos
494 2340 629 2396 compesce
637 2321 749 2388 dolores,

64 2413 66 2418 ·
98 2406 207 2469 occupet
215 2407 245 2454 ut
254 2398 314 2456 fessi
327 2400 429 2454 lumina
439 2399 506 2454 victe
516 2415 607 2470 scp0r;

63 2489 112 2527 neu
123 2473 267 2545 quisquam
283 2473 366 2532 multo
375 2471 512 2544 perfusum
523 2481 638 2546 tempora
647 2471 748 2526 Baccho

98 2547 200 2611 excitet,
213 2546 306 2604 infelix
315 2549 380 2603 durn
391 2549 530 2620 requiescit
540 2565 622 2604 amor.

62 2623 128 2676 Nam
139 2623 222 2693 posite
232 2630 271 2676 est
281 2630 384 2677 nostrae
392 2622 508 2678 custodie
521 2641 598 2678 saeve
607 2619 718 2694 puellae,
851 2625 862 2665 5
