2040 3030
286 170 358 224 LIB.
379 169 416 224 11.
446 166 561 222 ELEG.
582 167 694 222 XVlll.
812 169 862 225 203

117 276 222 344 Quanta
233 275 310 331 illum
318 283 370 333 toto
380 282 485 332 versant
494 275 608 346 suspiria
618 273 690 340 lecto,

158 368 243 422 quum
252 351 342 423 recipi,
355 368 437 424 quem
445 368 499 406 non
509 349 610 404 noverit
619 347 672 414 ille,
683 349 773 420 putet‘l

117 432 145 480 et
154 443 247 482 rursus
256 442 369 497 puerum
379 424 528 497 quaerendo
538 422 626 478 audita
635 422 733 496 fatigat,

157 516 247 572 quem,
259 516 327 571 quae
335 499 402 556 scire
410 501 492 564 timet,
504 498 589 553 dieere
596 495 673 569 plura
683 498 764 555 iubet.
891 510 917 552 50

119 573 171 628 Cui
180 572 231 628 luit
240 573 336 628 inducti
345 573 471 647 fugienda
479 573 543 628 haec
552 573 643 626 semite
653 570 739 644 vulgi,

158 648 215 720 ipsa
223 648 303 720 petite
312 647 371 703 lecu
381 665 453 704 nune
462 647 529 701 mihi
540 644 625 701 dulcis
635 663 704 717 aque
713 654 761 701 est.

119 721 255 795 Ingenuus
265 723 409 795 quisquam
418 721 525 776 alterius
534 719 577 775 dat
587 737 696 776 munera
706 737 791 787 servo,

136 821 138 825 ·
157 804 187 851 ut
194 813 323 868 promisse
332 815 396 852 suae
404 796 484 851 verba
492 794 557 850 leret
564 793 704 850 dominae?

119 879 145 925 et
154 872 256 942 quaerit
265 871 513 937 toties‚uQueenam
523 887 595 925 nune
604 869 719 940 porticus
729 869 802 925 illam
891 882 915 923 55

157 944 283 1018 integit‘lu
292 953 326 1011 et,
338 945 455 1017 »eampo
464 961 518 1016 que
531 951 618 1000 movet
627 943 672 998 illa
680 944 796 1016 pedes‘le

120 1018 226 1084 Deinde,
239 1019 286 1074 ubi
295 1019 441 1091 pertuleris,
453 1036 520 1091 quos
530 1018 593 1073 dicit
601 1017 680 1084 lame,
693 1019 794 1074 labores

157 1093 283 1158 llereulis,
295 1101 325 1148 ut
334 1093 439 1160 scribet,
451 1093 585 1148 »Muneris
595 1093 691 1164 ecquid
700 1092 815 1149 habeslu

119 1174 145 1222 et
154 1167 232 1222 modo
240 1168 351 1238 pavonis
361 1166 458 1220 caudae
467 1164 569 1220 flabelle
579 1167 695 1237 superbi.
838 1231 840 1237 Ι

157 1247 182 1294 et
191 1240 316 1294 manibus
325 1239 392 1294 dure
400 1239 486 1312 frigus
495 1239 591 1294 habere
599 1239 667 1310 pila:
890 1252 916 1294 tu

120 1322 145 1369 et
154 1314 227 1384 cupit
237 1313 333 1368 iratum
341 1313 406 1367 telos
416 1329 460 1367 me
467 1329 572 1383 poeoue
581 1313 705 1379 eburnos,

157 1404 277 1460 quaeque
286 1387 370 1442 nitent
378 1385 455 1441 Sacra
464 1384 528 1440 vilia
538 1386 606 1441 dona
616 1387 673 1442 Vir.

120 1461 162 1518 Ah
171 1479 284 1533 peream,
296 1461 320 1515 si
329 1478 372 1515 me
381 1461 429 1514 iste
439 1467 545 1516 movent
554 1459 705 1532 dispendia:
727 1479 819 1518 verum

156 1535 241 1591 lallaei
250 1535 371 1592 dominae
381 1535 434 1590 iam
443 1533 525 1606 pudet
533 1551 589 1603 esse
599 1535 696 1590 iocum.

120 1611 229 1666 Cernere
239 1611 278 1665 uti
287 1610 373 1681 possis
383 1608 489 1664 vultum
497 1608 612 1664 custodis
622 1609 714 1675 umeri,
891 1621 915 1664 65

156 1691 246 1755 captus
255 1693 280 1739 et
289 1683 428 1740 immunde
437 1700 514 1754 saepe
523 1681 601 1737 latere
609 1699 678 1738 cusu.

119 1759 204 1825 Quem
214 1775 272 1812 care
281 1757 361 1812 semel
371 1758 400 1812 in
409 1763 461 1812 toto
470 1774 524 1812 nox
532 1755 655 1812 venditur
666 1758 750 1812 ennol

156 1833 198 1886 Ah
207 1839 321 1904 pereant,
333 1832 356 1886 si
366 1848 434 1905 quoe
443 1831 523 1886 ianua
531 1830 619 1886 clausu
630 1832 717 1887 iuvatl

120 1907 222 1972 Contra,
234 1907 327 1962 reiecto
336 1923 404 1980 quae
413 1905 495 1961 libere
505 1905 578 1961 vadit
586 1906 694 1972 amictu,

155 1980 293 2036 custodum
303 1988 328 2036 et
337 1980 411 2037 nullo
420 1987 492 2053 eepte
502 1981 602 2046 timore,
613 1979 711 2053 placet:
888 1989 914 2030 to

118 2056 161 2110 cui
170 2072 247 2127 saepe
256 2054 483 2126 immundo'Spera
492 2055 634 2110 conteritur
642 2056 690 2113 via
699 2069 783 2118 soced,

155 2145 203 2182 neo
211 2130 275 2184 sinit
283 2147 340 2186 esse
349 2147 459 2196 moram,
472 2130 566 2202 siquis
575 2128 648 2184 edire
657 2129 729 2193 velit,

119 2200 218 2255 differet
226 2203 290 2256 hneo
299 2221 447 2275 nunquam,
459 2219 507 2257 neo
515 2210 603 2273 poeoet
611 2201 728 2276 garrula,
738 2217 806 2274 quae
815 2207 841 2255 te

155 2274 294 2329 adstrictus
302 2275 385 2346 ploret
393 2293 470 2347 saepe
478 2275 581 2330 dedisse
593 2284 675 2347 peter.

118 2350 171 2405 Nec
180 2349 256 2415 dicet,
267 2351 383 2414 »Timeo¹
396 2367 505 2422 propera
515 2349 568 2404 iam
578 2366 694 2422 surgere,
705 2365 817 2422 quaese:
887 2358 913 2401 75

154 2422 255 2488 infelix,
268 2423 346 2479 hodie
356 2424 398 2479 vir
408 2424 476 2478 mihi
485 2441 546 2478 rure
556 2424 656 2479 venit«
799 2487 802 2492 ,

116 2499 150 2553 Et
157 2515 226 2569 quus
234 2499 390 2570 Euphrates,
402 2506 428 2552 et
436 2516 504 2570 ques
514 2498 581 2552 mihi
590 2497 663 2552 misit
672 2496 791 2564 Orontes,

153 2573 320 2644 mecapient:
341 2573 424 2628 nolim
432 2571 606 2644 firmpudice
615 2573 675 2630 tori.

117 2647 232 2704 Libertas
242 2647 368 2720 quoniam
378 2647 446 2703 nulli
456 2649 510 2703 iam
520 2655 599 2704 restet
607 2647 715 2712 amanti,
