2028 3034
293 118 363 172 ΗΒ.
384 120 405 172 l.
435 119 551 174 ELEu
570 121 617 174 lV.
748 73 750 79 Ι
794 127 826 178 95

79 227 276 298 Tisiphoneque
287 241 391 295 impexa
401 224 468 280 leros
478 243 526 298 pro
535 227 654 282 crinibus
664 246 765 302 angues

116 301 209 365 saevit,
221 307 246 355 et
255 300 309 354 hue
322 299 386 354 illuc
396 299 477 372 impia
487 301 562 356 turba
572 299 649 374 sugit.

78 377 154 431 Tune
163 375 238 447 niger
249 375 276 428 in
284 381 358 445 porta
368 383 518 446 serpentum
529 375 656 430 Cerberus
664 393 708 432 ore

115 448 216 513 stridet,
229 456 255 503 et
263 457 362 503 aeratas
371 449 484 504 exeubu
493 457 552 504 ante
561 449 637 506 fores.

77 524 137 578 ulie
145 525 275 580 Iunonem
285 529 382 578 tentare
391 523 490 578 Ixionis
500 525 557 581 ausi

115 605 256 652 versantur
264 596 340 651 eeleri
351 597 429 656 noxia
439 597 556 652 membra
567 606 634 652 rota:

76 679 267 744 porrectamque
279 687 374 726 novem
384 671 477 744 Tityus
486 688 533 742 per
543 672 632 744 iugera
642 679 724 728 terrae

115 744 237 800 assiduas
248 753 301 799 atro
312 743 411 800 viseere
419 745 502 814 pascit
512 763 583 799 aveS.

77 819 206 876 Tantalus
214 826 254 872 est
263 817 325 882 illic,
338 825 362 872 et
371 817 470 872 uicum
480 825 584 891 stagna3
606 819 654 874 sed
662 837 747 876 acrem

115 895 169 948 iarn
180 893 233 946 iam
242 892 329 963 poturi
339 891 433 946 deserit
442 891 513 948 unda
524 893 610 959 sitim;

23 1027 24 1034 χ
76 978 101 1022 et
111 967 194 1022 Danai
202 965 297 1037 proles,
310 965 417 1020 Veneris
427 965 499 1038 quod
508 967 618 1022 numina
630 967 711 1032 laesit,

22 1047 24 1058 ²
115 1043 144 1096 in
157 1057 220 1096 aava
230 1041 354 1096 Lethaeas
364 1039 433 1094 dolia
444 1048 528 1111 portat
536 1059 630 1113 aquas.

22 1141 24 1170 ÷
76 1116 134 1172 Illic
143 1115 186 1180 sit,
198 1114 352 1186 quicunque
360 1131 432 1170 meos
441 1114 549 1170 violavit
558 1133 669 1181 amores,

113 1189 213 1260 optavit
223 1188 304 1243 lentas
314 1196 339 1242 et
349 1188 416 1242 mihi
426 1188 544 1244 militias.

75 1265 110 1319 At
119 1272 149 1317 tu
159 1269 237 1326 casta,
248 1259 347 1332 preurr,
359 1279 475 1327 maneas,
487 1265 624 1335 sanctique
633 1265 742 1334 pudoris

114 1335 231 1392 adsideat
240 1342 326 1391 custrs
336 1335 427 1390 sedula
437 1353 540 1406 semper
552 1354 629 1391 anus.

75 1414 144 1466 Haeo
154 1410 203 1464 tibi
213 1409 320 1464 labellus
330 1409 430 1474 referat,
444 1410 582 1481 positaque
591 1409 696 1466 lunerna

113 1485 224 1540 deducat
232 1483 311 1555 plena
320 1484 433 1538 stamina
442 1484 520 1557 longa
529 1483 599 1552 0010;

73 1578 105 1615 aa
113 1559 182 1614 eirea
191 1559 318 1631 gravibus
328 1559 417 1629 pensis
427 1557 514 1613 adfixa
523 1558 611 1629 puella

112 1631 250 1705 paullatim
258 1631 634 1704 somnoleasaremittatopus.

73 1711 150 1763 Tune
160 1706 264 1762 veniam
275 1706 371 1770 subito,
384 1706 571 1778 nequisquam
583 1707 685 1762 nuntiet
693 1717 760 1770 anta,

110 1781 158 1836 sed
167 1780 257 1836 videar
266 1780 336 1836 coelo
346 1781 445 1836 missus
454 1779 545 1834 adesse
555 1781 612 1836 tibi.

73 1860 149 1910 'sune
159 1855 236 1920 mihi,
247 1853 335 1926 qualis
344 1855 405 1920 eris,
418 1853 510 1927 longos
520 1856 622 1911 turbata
632 1855 750 1925 capillos,

109 1930 188 1984 obvia
199 1928 306 1994 nudato,
317 1929 398 1994 Delia,
409 1945 486 1984 curre
496 1929 570 2000 pede.

71 2008 126 2059 Hoc
136 2020 238 2074 precum
251 2003 324 2059 hune
334 2002 412 2058 illum
422 2003 499 2058 nobis
509 2003 608 2058 Aurora
619 2004 744 2060 nitentem

111 2077 249 2132 lucilerum
259 2077 340 2132 roseis
350 2076 461 2132 candida
472 2086 553 2148 portet
562 2078 648 2149 equis.
701 2113 704 2123 ,

332 2265 491 2308 unitura
520 2265 564 2308 lv.

72 2370 121 2431 Sin
132 2377 256 2432 irrubrasa
266 2378 315 2432 tibi
325 2380 478 2452 eontingant
486 2385 558 2442 tenta,
571 2379 672 2450 Priape,

108 2468 141 2505 ne
152 2453 230 2522 capiti
240 2451 317 2516 soles,
330 2470 363 2508 ne
372 2463 535 2524 noceantque
545 2453 631 2508 nives:
688 2484 689 2488 κ

69 2543 139 2597 quae
148 2534 193 2579 tua
203 2524 329 2582 formosas
339 2527 406 2597 oepit
416 2525 536 2580 solertia?
555 2526 628 2581 Certa

107 2616 160 2654 non
171 2600 220 2653 tibi
230 2600 313 2654 barba
323 2600 396 2664 nitet,
409 2617 462 2656 non
473 2601 520 2657 tibi
531 2601 599 2656 culta
610 2618 682 2656 coma
691 2609 742 2664 est3
