<?xml version="1.0" encoding="UTF-8"?>
<!DOCTYPE html PUBLIC "-//W3C//DTD XHTML 1.0 Transitional//EN"
    "http://www.w3.org/TR/xhtml1/DTD/xhtml1-transitional.dtd">
<html xmlns="http://www.w3.org/1999/xhtml" xml:lang="en" lang="en">
 <head>
  <title>
</title>
<meta http-equiv="Content-Type" content="text/html;charset=utf-8" />
  <meta name='ocr-system' content='tesseract 3.04.00' />
  <meta name='ocr-capabilities' content='ocr_page ocr_carea ocr_par ocr_line ocrx_word'/>
</head>
<body>
  <div class='ocr_page' id='page_1' title='image "./catullitibullie00propgoog_0255.png"; bbox 0 0 2040 3030; ppageno 0'>
   <div class='ocr_carea' id='block_1_1' title="bbox 204 135 682 192">
    <p class='ocr_par' dir='ltr' id='par_1_1' title="bbox 204 135 682 192">
     <span class='ocr_line' id='line_1_1' title="bbox 204 135 682 192; baseline -0.004 0"><span class='ocrx_word' id='word_1_1' title='bbox 204 137 254 192; x_wconf 70' lang='lat' dir='ltr'>tto</span> <span class='ocrx_word' id='word_1_2' title='bbox 471 135 682 190; x_wconf 79' lang='lat' dir='ltr'>PROPERTH</span> 
     </span>
    </p>
   </div>
   <div class='ocr_carea' id='block_1_2' title="bbox 150 241 885 1357">
    <p class='ocr_par' dir='ltr' id='par_1_2' title="bbox 150 241 885 1357">
     <span class='ocr_line' id='line_1_2' title="bbox 150 241 826 314; baseline 0 -16"><span class='ocrx_word' id='word_1_3' title='bbox 150 254 177 298; x_wconf 81' lang='lat'>2⁰</span> <span class='ocrx_word' id='word_1_4' title='bbox 245 259 316 296; x_wconf 85' lang='lat' dir='ltr'>nuno</span> <span class='ocrx_word' id='word_1_5' title='bbox 326 241 382 306; x_wconf 81' lang='lat' dir='ltr'>dea,</span> <span class='ocrx_word' id='word_1_6' title='bbox 394 260 464 314; x_wconf 80' lang='lat' dir='ltr'>quae</span> <span class='ocrx_word' id='word_1_7' title='bbox 473 242 528 297; x_wconf 92' lang='lat' dir='ltr'><strong>Nili</strong></span> <span class='ocrx_word' id='word_1_8' title='bbox 539 243 650 298; x_wconf 84' lang='lat' dir='ltr'>flumina</span> <span class='ocrx_word' id='word_1_9' title='bbox 660 261 738 299; x_wconf 78' lang='lat' dir='ltr'>vaona</span> <span class='ocrx_word' id='word_1_10' title='bbox 747 245 826 298; x_wconf 91' lang='lat' dir='ltr'>hihit.</span> 
     </span>
     <span class='ocr_line' id='line_1_3' title="bbox 205 317 776 391; baseline 0 -19"><span class='ocrx_word' id='word_1_11' title='bbox 205 319 251 372; x_wconf 89' lang='lat' dir='ltr'>Ino</span> <span class='ocrx_word' id='word_1_12' title='bbox 261 317 339 370; x_wconf 82' lang='lat' dir='ltr'>etiam</span> <span class='ocrx_word' id='word_1_13' title='bbox 349 318 435 388; x_wconf 78' lang='lat' dir='ltr'>prima</span> <span class='ocrx_word' id='word_1_14' title='bbox 446 317 521 371; x_wconf 85' lang='lat' dir='ltr'>terris</span> <span class='ocrx_word' id='word_1_15' title='bbox 531 325 611 372; x_wconf 82' lang='lat' dir='ltr'>aetate</span> <span class='ocrx_word' id='word_1_16' title='bbox 622 325 714 391; x_wconf 80' lang='lat' dir='ltr'>vagata</span> <span class='ocrx_word' id='word_1_17' title='bbox 724 327 776 372; x_wconf 79' lang='lat' dir='ltr'>est:</span> 
     </span>
     <span class='ocr_line' id='line_1_4' title="bbox 243 391 817 463; baseline 0.002 -19"><span class='ocrx_word' id='word_1_18' title='bbox 243 391 311 446; x_wconf 83' lang='lat' dir='ltr'>hano</span> <span class='ocrx_word' id='word_1_19' title='bbox 321 391 401 446; x_wconf 90' lang='lat' dir='ltr'>miser</span> <span class='ocrx_word' id='word_1_20' title='bbox 412 391 536 463; x_wconf 80' lang='lat' dir='ltr'><strong>implorat</strong></span> <span class='ocrx_word' id='word_1_21' title='bbox 545 393 633 447; x_wconf 82' lang='lat' dir='ltr'>navita</span> <span class='ocrx_word' id='word_1_22' title='bbox 642 393 817 447; x_wconf 77' lang='lat' dir='ltr'>Leucothoen.</span> 
     </span>
     <span class='ocr_line' id='line_1_5' title="bbox 205 465 835 522; baseline 0 -2"><span class='ocrx_word' id='word_1_23' title='bbox 205 465 371 520; x_wconf 83' lang='lat' dir='ltr'>Andromede</span> <span class='ocrx_word' id='word_1_24' title='bbox 380 467 505 521; x_wconf 86' lang='lat' dir='ltr'>monstris</span> <span class='ocrx_word' id='word_1_25' title='bbox 515 466 598 522; x_wconf 82' lang='lat' dir='ltr'>fuerat</span> <span class='ocrx_word' id='word_1_26' title='bbox 608 466 700 522; x_wconf 81' lang='lat' dir='ltr'>devota</span> <span class='ocrx_word' id='word_1_27' title='bbox 710 468 835 522; x_wconf 79' lang='lat' dir='ltr'>marinis:</span> 
     </span>
     <span class='ocr_line' id='line_1_6' title="bbox 244 539 764 596; baseline -0.002 -1"><span class='ocrx_word' id='word_1_28' title='bbox 244 539 307 595; x_wconf 82' lang='lat' dir='ltr'>haee</span> <span class='ocrx_word' id='word_1_29' title='bbox 316 540 407 595; x_wconf 79' lang='lat' dir='ltr'>eudem</span> <span class='ocrx_word' id='word_1_30' title='bbox 417 541 503 596; x_wconf 89' lang='lat' dir='ltr'>Persei</span> <span class='ocrx_word' id='word_1_31' title='bbox 513 541 610 596; x_wconf 89' lang='lat' dir='ltr'>nobilis</span> <span class='ocrx_word' id='word_1_32' title='bbox 619 559 687 596; x_wconf 81' lang='lat' dir='ltr'>uxor</span> <span class='ocrx_word' id='word_1_33' title='bbox 701 549 764 596; x_wconf 81' lang='lat' dir='ltr'>eret.</span> 
     </span>
     <span class='ocr_line' id='line_1_7' title="bbox 151 614 813 689; baseline 0 -21"><span class='ocrx_word' id='word_1_34' title='bbox 151 626 177 668; x_wconf 80' lang='lat'>25</span> <span class='ocrx_word' id='word_1_35' title='bbox 206 614 314 670; x_wconf 76' lang='lat' dir='ltr'><strong>Callisto</strong></span> <span class='ocrx_word' id='word_1_36' title='bbox 323 614 448 670; x_wconf 75' lang='lat' dir='ltr'>Arcadios</span> <span class='ocrx_word' id='word_1_37' title='bbox 457 626 588 670; x_wconf 78' lang='lat' dir='ltr'>erraverat</span> <span class='ocrx_word' id='word_1_38' title='bbox 596 633 657 670; x_wconf 80' lang='lat' dir='ltr'>urse</span> <span class='ocrx_word' id='word_1_39' title='bbox 667 633 714 687; x_wconf 90' lang='lat' dir='ltr'>per</span> <span class='ocrx_word' id='word_1_40' title='bbox 724 632 813 689; x_wconf 78' lang='lat' dir='ltr'>egros:</span> 
     </span>
     <span class='ocr_line' id='line_1_8' title="bbox 244 689 751 764; baseline -0.002 -20"><span class='ocrx_word' id='word_1_41' title='bbox 244 689 307 744; x_wconf 80' lang='lat' dir='ltr'>hoeo</span> <span class='ocrx_word' id='word_1_42' title='bbox 316 697 442 744; x_wconf 81' lang='lat' dir='ltr'>nocturna</span> <span class='ocrx_word' id='word_1_43' title='bbox 451 708 501 746; x_wconf 93' lang='lat' dir='ltr'>suo</span> <span class='ocrx_word' id='word_1_44' title='bbox 510 689 595 744; x_wconf 85' lang='lat' dir='ltr'>sidere</span> <span class='ocrx_word' id='word_1_45' title='bbox 605 690 662 744; x_wconf 80' lang='lat' dir='ltr'>vela</span> <span class='ocrx_word' id='word_1_46' title='bbox 675 691 751 764; x_wconf 78' lang='lat' dir='ltr'>regit.</span> 
     </span>
     <span class='ocr_line' id='line_1_9' title="bbox 206 761 816 836; baseline -0.002 -17"><span class='ocrx_word' id='word_1_47' title='bbox 206 763 283 830; x_wconf 84' lang='lat' dir='ltr'>Quod</span> <span class='ocrx_word' id='word_1_48' title='bbox 291 764 314 817; x_wconf 91' lang='lat' dir='ltr'>si</span> <span class='ocrx_word' id='word_1_49' title='bbox 325 761 389 818; x_wconf 81' lang='lat' dir='ltr'>forte</span> <span class='ocrx_word' id='word_1_50' title='bbox 398 765 446 818; x_wconf 89' lang='lat' dir='ltr'>tibi</span> <span class='ocrx_word' id='word_1_51' title='bbox 456 765 619 836; x_wconf 82' lang='lat' dir='ltr'>properarint</span> <span class='ocrx_word' id='word_1_52' title='bbox 628 763 680 819; x_wconf 80' lang='lat' dir='ltr'>sata</span> <span class='ocrx_word' id='word_1_53' title='bbox 692 766 816 836; x_wconf 88' lang='lat' dir='ltr'>quietern,</span> 
     </span>
     <span class='ocr_line' id='line_1_10' title="bbox 244 837 674 908; baseline 0.005 -16"><span class='ocrx_word' id='word_1_54' title='bbox 244 837 290 892; x_wconf 84' lang='lat' dir='ltr'><strong>illa</strong></span> <span class='ocrx_word' id='word_1_55' title='bbox 298 837 448 908; x_wconf 82' lang='lat' dir='ltr'>sepulturae</span> <span class='ocrx_word' id='word_1_56' title='bbox 457 838 508 894; x_wconf 77' lang='lat' dir='ltr'>iata</span> <span class='ocrx_word' id='word_1_57' title='bbox 518 840 592 894; x_wconf 77' lang='lat' dir='ltr'>beata</span> <span class='ocrx_word' id='word_1_58' title='bbox 601 846 674 894; x_wconf 83' lang='lat' dir='ltr'>tuae:</span> 
     </span>
     <span class='ocr_line' id='line_1_11' title="bbox 209 911 816 985; baseline 0 -17"><span class='ocrx_word' id='word_1_59' title='bbox 209 912 327 968; x_wconf 82' lang='lat' dir='ltr'><strong>narrabis</strong></span> <span class='ocrx_word' id='word_1_60' title='bbox 337 911 462 978; x_wconf 86' lang='lat' dir='ltr'>Semelae,</span> <span class='ocrx_word' id='word_1_61' title='bbox 474 930 528 984; x_wconf 88' lang='lat' dir='ltr'>quo</span> <span class='ocrx_word' id='word_1_62' title='bbox 538 915 573 968; x_wconf 87' lang='lat' dir='ltr'>sit</span> <span class='ocrx_word' id='word_1_63' title='bbox 580 913 694 969; x_wconf 82' lang='lat' dir='ltr'>formosa</span> <span class='ocrx_word' id='word_1_64' title='bbox 706 913 816 985; x_wconf 81' lang='lat' dir='ltr'>periclo,</span> 
     </span>
     <span class='ocr_line' id='line_1_12' title="bbox 153 985 764 1059; baseline 0.007 -20"><span class='ocrx_word' id='word_1_65' title='bbox 153 997 179 1039; x_wconf 71' lang='lat' dir='ltr'>eo</span> <span class='ocrx_word' id='word_1_66' title='bbox 245 985 331 1040; x_wconf 78' lang='lat' dir='ltr'>credet</span> <span class='ocrx_word' id='word_1_67' title='bbox 340 994 365 1040; x_wconf 89' lang='lat' dir='ltr'>et</span> <span class='ocrx_word' id='word_1_68' title='bbox 374 986 429 1052; x_wconf 84' lang='lat' dir='ltr'><strong>illa,</strong></span> <span class='ocrx_word' id='word_1_69' title='bbox 442 1004 490 1041; x_wconf 91' lang='lat' dir='ltr'>suo</span> <span class='ocrx_word' id='word_1_70' title='bbox 500 987 574 1041; x_wconf 77' lang='lat' dir='ltr'>docte</span> <span class='ocrx_word' id='word_1_71' title='bbox 582 987 670 1059; x_wconf 85' lang='lat' dir='ltr'>puelle</span> <span class='ocrx_word' id='word_1_72' title='bbox 681 987 764 1043; x_wconf 83' lang='lat' dir='ltr'><strong>malo·</strong></span> 
     </span>
     <span class='ocr_line' id='line_1_13' title="bbox 208 1059 742 1116; baseline 0.004 -2"><span class='ocrx_word' id='word_1_73' title='bbox 208 1071 234 1115; x_wconf 87' lang='lat' dir='ltr'>et</span> <span class='ocrx_word' id='word_1_74' title='bbox 243 1059 291 1114; x_wconf 86' lang='lat' dir='ltr'>tibi</span> <span class='ocrx_word' id='word_1_75' title='bbox 301 1061 432 1115; x_wconf 77' lang='lat' dir='ltr'>Maeonias</span> <span class='ocrx_word' id='word_1_76' title='bbox 441 1061 509 1115; x_wconf 88' lang='lat' dir='ltr'>inter</span> <span class='ocrx_word' id='word_1_77' title='bbox 517 1061 642 1116; x_wconf 79' lang='lat' dir='ltr'>Heroides</span> <span class='ocrx_word' id='word_1_78' title='bbox 651 1079 742 1116; x_wconf 87' lang='lat' dir='ltr'>omnes</span> 
     </span>
     <span class='ocr_line' id='line_1_14' title="bbox 244 1134 808 1206; baseline 0.005 -19"><span class='ocrx_word' id='word_1_79' title='bbox 244 1135 347 1206; x_wconf 89' lang='lat' dir='ltr'>primus</span> <span class='ocrx_word' id='word_1_80' title='bbox 357 1135 414 1200; x_wconf 89' lang='lat' dir='ltr'>erit,</span> <span class='ocrx_word' id='word_1_81' title='bbox 427 1134 501 1191; x_wconf 86' lang='lat' dir='ltr'>nulla</span> <span class='ocrx_word' id='word_1_82' title='bbox 510 1153 564 1191; x_wconf 91' lang='lat' dir='ltr'>non</span> <span class='ocrx_word' id='word_1_83' title='bbox 574 1135 713 1202; x_wconf 82' lang='lat' dir='ltr'>tribuente,</span> <span class='ocrx_word' id='word_1_84' title='bbox 726 1135 808 1191; x_wconf 87' lang='lat' dir='ltr'>loous.</span> 
     </span>
     <span class='ocr_line' id='line_1_15' title="bbox 208 1209 885 1284; baseline 0.003 -22"><span class='ocrx_word' id='word_1_85' title='bbox 208 1209 294 1270; x_wconf 80' lang='lat' dir='ltr'>Nunc,</span> <span class='ocrx_word' id='word_1_86' title='bbox 307 1216 442 1282; x_wconf 78' lang='lat' dir='ltr'>uteunque</span> <span class='ocrx_word' id='word_1_87' title='bbox 450 1217 531 1281; x_wconf 89' lang='lat' dir='ltr'>potes,</span> <span class='ocrx_word' id='word_1_88' title='bbox 545 1209 596 1265; x_wconf 83' lang='lat' dir='ltr'>loto</span> <span class='ocrx_word' id='word_1_89' title='bbox 605 1228 667 1284; x_wconf 78' lang='lat' dir='ltr'>gere</span> <span class='ocrx_word' id='word_1_90' title='bbox 675 1211 763 1264; x_wconf 85' lang='lat' dir='ltr'>saucia</span> <span class='ocrx_word' id='word_1_91' title='bbox 773 1227 885 1265; x_wconf 87' lang='lat' dir='ltr'>morem.</span> 
     </span>
     <span class='ocr_line' id='line_1_16' title="bbox 245 1281 748 1357; baseline 0 -19"><span class='ocrx_word' id='word_1_92' title='bbox 245 1285 278 1338; x_wconf 88' lang='lat' dir='ltr'>Et</span> <span class='ocrx_word' id='word_1_93' title='bbox 287 1281 352 1338; x_wconf 88' lang='lat' dir='ltr'>deus</span> <span class='ocrx_word' id='word_1_94' title='bbox 362 1291 387 1337; x_wconf 89' lang='lat' dir='ltr'>et</span> <span class='ocrx_word' id='word_1_95' title='bbox 396 1284 481 1339; x_wconf 88' lang='lat' dir='ltr'>durus</span> <span class='ocrx_word' id='word_1_96' title='bbox 492 1286 602 1340; x_wconf 82' lang='lat' dir='ltr'>vertitur</span> <span class='ocrx_word' id='word_1_97' title='bbox 612 1285 669 1357; x_wconf 89' lang='lat' dir='ltr'>ipse</span> <span class='ocrx_word' id='word_1_98' title='bbox 681 1285 748 1340; x_wconf 88' lang='lat' dir='ltr'>dies.</span> 
     </span>
    </p>
   </div>
   <div class='ocr_carea' id='block_1_3' title="bbox 155 1433 883 2318">
    <p class='ocr_par' dir='ltr' id='par_1_3' title="bbox 155 1433 883 2318">
     <span class='ocr_line' id='line_1_17' title="bbox 155 1433 831 1507; baseline 0.001 -22"><span class='ocrx_word' id='word_1_99' title='bbox 155 1442 180 1485; x_wconf 77' lang='lat'>35</span> <span class='ocrx_word' id='word_1_100' title='bbox 212 1433 453 1507; x_wconf 78' lang='lat' dir='ltr'>Deficiuntmsgioo</span> <span class='ocrx_word' id='word_1_101' title='bbox 462 1435 521 1489; x_wconf 90' lang='lat' dir='ltr'>torti</span> <span class='ocrx_word' id='word_1_102' title='bbox 531 1435 582 1489; x_wconf 91' lang='lat' dir='ltr'>suh</span> <span class='ocrx_word' id='word_1_103' title='bbox 592 1434 708 1488; x_wconf 78' lang='lat' dir='ltr'>carmine</span> <span class='ocrx_word' id='word_1_104' title='bbox 718 1433 831 1496; x_wconf 86' lang='lat' dir='ltr'>rhombi,</span> 
     </span>
     <span class='ocr_line' id='line_1_18' title="bbox 246 1506 761 1564; baseline 0.002 -4"><span class='ocrx_word' id='word_1_105' title='bbox 246 1517 270 1560; x_wconf 88' lang='lat' dir='ltr'>et</span> <span class='ocrx_word' id='word_1_106' title='bbox 280 1508 344 1562; x_wconf 81' lang='lat' dir='ltr'>ieoet</span> <span class='ocrx_word' id='word_1_107' title='bbox 352 1509 480 1564; x_wconf 81' lang='lat' dir='ltr'>exstineto</span> <span class='ocrx_word' id='word_1_108' title='bbox 490 1508 581 1563; x_wconf 81' lang='lat' dir='ltr'>laurus</span> <span class='ocrx_word' id='word_1_109' title='bbox 591 1507 683 1562; x_wconf 80' lang='lat' dir='ltr'>adusta</span> <span class='ocrx_word' id='word_1_110' title='bbox 693 1506 761 1562; x_wconf 87' lang='lat' dir='ltr'>fooo:</span> 
     </span>
     <span class='ocr_line' id='line_1_19' title="bbox 210 1580 809 1656; baseline 0.002 -21"><span class='ocrx_word' id='word_1_111' title='bbox 210 1589 234 1635; x_wconf 91' lang='lat' dir='ltr'>et</span> <span class='ocrx_word' id='word_1_112' title='bbox 245 1582 297 1636; x_wconf 88' lang='lat' dir='ltr'>iam</span> <span class='ocrx_word' id='word_1_113' title='bbox 306 1583 381 1636; x_wconf 81' lang='lat' dir='ltr'>Luna</span> <span class='ocrx_word' id='word_1_114' title='bbox 391 1590 469 1656; x_wconf 79' lang='lat' dir='ltr'>negat</span> <span class='ocrx_word' id='word_1_115' title='bbox 476 1585 551 1637; x_wconf 85' lang='lat' dir='ltr'>toties</span> <span class='ocrx_word' id='word_1_116' title='bbox 559 1581 714 1637; x_wconf 83' lang='lat' dir='ltr'>deseenders</span> <span class='ocrx_word' id='word_1_117' title='bbox 726 1580 809 1647; x_wconf 75' lang='lat' dir='ltr'>sosio,</span> 
     </span>
     <span class='ocr_line' id='line_1_20' title="bbox 247 1655 807 1728; baseline -0.004 -18"><span class='ocrx_word' id='word_1_118' title='bbox 247 1657 376 1728; x_wconf 81' lang='lat' dir='ltr'>nigraque</span> <span class='ocrx_word' id='word_1_119' title='bbox 386 1655 520 1712; x_wconf 80' lang='lat' dir='ltr'>funestum</span> <span class='ocrx_word' id='word_1_120' title='bbox 528 1657 643 1712; x_wconf 86' lang='lat' dir='ltr'>oonoinit</span> <span class='ocrx_word' id='word_1_121' title='bbox 652 1673 730 1712; x_wconf 89' lang='lat' dir='ltr'>omen</span> <span class='ocrx_word' id='word_1_122' title='bbox 740 1655 807 1710; x_wconf 88' lang='lat' dir='ltr'>svis.</span> 
     </span>
     <span class='ocr_line' id='line_1_21' title="bbox 210 1730 739 1806; baseline -0.006 -20"><span class='ocrx_word' id='word_1_123' title='bbox 210 1731 264 1786; x_wconf 83' lang='lat' dir='ltr'>Una</span> <span class='ocrx_word' id='word_1_124' title='bbox 276 1731 338 1784; x_wconf 79' lang='lat' dir='ltr'>retis</span> <span class='ocrx_word' id='word_1_125' title='bbox 348 1730 393 1785; x_wconf 85' lang='lat' dir='ltr'>lati</span> <span class='ocrx_word' id='word_1_126' title='bbox 404 1740 506 1788; x_wconf 81' lang='lat' dir='ltr'>nostres</span> <span class='ocrx_word' id='word_1_127' title='bbox 515 1731 629 1806; x_wconf 71' lang='lat' dir='ltr'>portabit</span> <span class='ocrx_word' id='word_1_128' title='bbox 638 1747 739 1785; x_wconf 78' lang='lat' dir='ltr'>amores</span> 
     </span>
     <span class='ocr_line' id='line_1_22' title="bbox 155 1804 748 1862; baseline -0.003 -4"><span class='ocrx_word' id='word_1_129' title='bbox 155 1813 181 1858; x_wconf 74' lang='lat' dir='ltr'>to</span> <span class='ocrx_word' id='word_1_130' title='bbox 249 1805 351 1860; x_wconf 82' lang='lat' dir='ltr'>ouerula</span> <span class='ocrx_word' id='word_1_131' title='bbox 362 1806 395 1860; x_wconf 80' lang='lat' dir='ltr'>ad</span> <span class='ocrx_word' id='word_1_132' title='bbox 405 1806 520 1862; x_wconf 79' lang='lat' dir='ltr'>infernos</span> <span class='ocrx_word' id='word_1_133' title='bbox 529 1805 656 1860; x_wconf 83' lang='lat' dir='ltr'>velitioota</span> <span class='ocrx_word' id='word_1_134' title='bbox 666 1804 748 1857; x_wconf 82' lang='lat' dir='ltr'>leons.</span> 
     </span>
     <span class='ocr_line' id='line_1_23' title="bbox 209 1877 791 1950; baseline -0.014 -16"><span class='ocrx_word' id='word_1_135' title='bbox 209 1879 300 1935; x_wconf 90' lang='lat' dir='ltr'>Sinon</span> <span class='ocrx_word' id='word_1_136' title='bbox 311 1881 400 1944; x_wconf 85' lang='lat' dir='ltr'>unius,</span> <span class='ocrx_word' id='word_1_137' title='bbox 413 1897 518 1950; x_wconf 81' lang='lat' dir='ltr'>quaeso,</span> <span class='ocrx_word' id='word_1_138' title='bbox 531 1880 653 1932; x_wconf 83' lang='lat' dir='ltr'>miserere</span> <span class='ocrx_word' id='word_1_139' title='bbox 663 1877 791 1928; x_wconf 85' lang='lat' dir='ltr'>duorum:</span> 
     </span>
     <span class='ocr_line' id='line_1_24' title="bbox 248 1947 783 2015; baseline -0.017 -7"><span class='ocrx_word' id='word_1_140' title='bbox 248 1955 346 2015; x_wconf 82' lang='lat' dir='ltr'>vivam,</span> <span class='ocrx_word' id='word_1_141' title='bbox 359 1953 382 2005; x_wconf 92' lang='lat' dir='ltr'>si</span> <span class='ocrx_word' id='word_1_142' title='bbox 393 1954 477 2006; x_wconf 88' lang='lat' dir='ltr'>vivet:</span> <span class='ocrx_word' id='word_1_143' title='bbox 499 1952 522 2004; x_wconf 90' lang='lat' dir='ltr'>si</span> <span class='ocrx_word' id='word_1_144' title='bbox 533 1950 606 2004; x_wconf 74' lang='lat' dir='ltr'>sodet</span> <span class='ocrx_word' id='word_1_145' title='bbox 615 1948 668 2010; x_wconf 81' lang='lat' dir='ltr'><strong>illa,</strong></span> <span class='ocrx_word' id='word_1_146' title='bbox 681 1947 783 2000; x_wconf 78' lang='lat' dir='ltr'>eodum.</span> 
     </span>
     <span class='ocr_line' id='line_1_25' title="bbox 211 2019 849 2096; baseline -0.014 -16"><span class='ocrx_word' id='word_1_147' title='bbox 211 2030 258 2082; x_wconf 90' lang='lat' dir='ltr'>Pro</span> <span class='ocrx_word' id='word_1_148' title='bbox 267 2026 367 2096; x_wconf 88' lang='lat' dir='ltr'>quihus</span> <span class='ocrx_word' id='word_1_149' title='bbox 376 2024 470 2092; x_wconf 81' lang='lat' dir='ltr'>optatis</span> <span class='ocrx_word' id='word_1_150' title='bbox 479 2039 552 2076; x_wconf 78' lang='lat' dir='ltr'>sacro</span> <span class='ocrx_word' id='word_1_151' title='bbox 562 2038 605 2075; x_wconf 88' lang='lat' dir='ltr'>me</span> <span class='ocrx_word' id='word_1_152' title='bbox 613 2020 729 2073; x_wconf 79' lang='lat' dir='ltr'>carmine</span> <span class='ocrx_word' id='word_1_153' title='bbox 737 2019 849 2072; x_wconf 88' lang='lat' dir='ltr'>damno:</span> 
     </span>
     <span class='ocr_line' id='line_1_26' title="bbox 249 2098 883 2168; baseline -0.006 -16"><span class='ocrx_word' id='word_1_154' title='bbox 249 2098 362 2152; x_wconf 82' lang='lat' dir='ltr'>sorihsm</span> <span class='ocrx_word' id='word_1_155' title='bbox 371 2112 428 2168; x_wconf 81' lang='lat' dir='ltr'>ego,</span> <span class='ocrx_word' id='word_1_156' title='bbox 441 2113 486 2149; x_wconf 84' lang='lat' dir='ltr'>nrn</span> <span class='ocrx_word' id='word_1_157' title='bbox 494 2112 595 2150; x_wconf 68' lang='lat' dir='ltr'>neonus</span> <span class='ocrx_word' id='word_1_158' title='bbox 606 2111 680 2148; x_wconf 75' lang='lat' dir='ltr'>ssovn</span> <span class='ocrx_word' id='word_1_159' title='bbox 691 2110 783 2148; x_wconf 72' lang='lat' dir='ltr'>nontin</span> <span class='ocrx_word' id='word_1_160' title='bbox 793 2109 883 2150; x_wconf 77' lang='lat' dir='ltr'>rouen:</span> 
     </span>
     <span class='ocr_line' id='line_1_27' title="bbox 155 2167 851 2241; baseline -0.01 -13"><span class='ocrx_word' id='word_1_161' title='bbox 155 2183 181 2228; x_wconf 74' lang='lat'>45</span> <span class='ocrx_word' id='word_1_162' title='bbox 212 2181 270 2227; x_wconf 84' lang='lat' dir='ltr'>ante</span> <span class='ocrx_word' id='word_1_163' title='bbox 279 2179 390 2240; x_wconf 90' lang='lat' dir='ltr'>tuosque</span> <span class='ocrx_word' id='word_1_164' title='bbox 400 2169 479 2240; x_wconf 87' lang='lat' dir='ltr'>pedes</span> <span class='ocrx_word' id='word_1_165' title='bbox 489 2169 534 2226; x_wconf 81' lang='lat' dir='ltr'><strong>illa</strong></span> <span class='ocrx_word' id='word_1_166' title='bbox 545 2169 601 2241; x_wconf 81' lang='lat' dir='ltr'>ipss</span> <span class='ocrx_word' id='word_1_167' title='bbox 612 2167 732 2239; x_wconf 83' lang='lat' dir='ltr'>adoperta</span> <span class='ocrx_word' id='word_1_168' title='bbox 742 2167 851 2233; x_wconf 80' lang='lat' dir='ltr'>sedebit,</span> 
     </span>
     <span class='ocr_line' id='line_1_28' title="bbox 247 2242 781 2318; baseline -0.004 -19"><span class='ocrx_word' id='word_1_169' title='bbox 247 2242 781 2318; x_wconf 71' lang='lat' dir='ltr'>narrabitque‘sedenslongaperielasua.</span> 
     </span>
    </p>
   </div>
   <div class='ocr_carea' id='block_1_4' title="bbox 210 2392 1003 2466">
    <p class='ocr_par' dir='ltr' id='par_1_4' title="bbox 210 2392 1003 2466">
     <span class='ocr_line' id='line_1_29' title="bbox 210 2392 1003 2466; baseline -0.003 -18"><span class='ocrx_word' id='word_1_170' title='bbox 210 2396 278 2448; x_wconf 83' lang='lat' dir='ltr'>Haeo</span> <span class='ocrx_word' id='word_1_171' title='bbox 289 2401 341 2458; x_wconf 82' lang='lat' dir='ltr'>tue,</span> <span class='ocrx_word' id='word_1_172' title='bbox 355 2395 526 2466; x_wconf 83' lang='lat' dir='ltr'>Persephone,</span> <span class='ocrx_word' id='word_1_173' title='bbox 538 2392 801 2458; x_wconf 77' lang='lat' dir='ltr'>manentolementin3</span> <span class='ocrx_word' id='word_1_174' title='bbox 814 2409 861 2446; x_wconf 85' lang='lat' dir='ltr'>nee</span> <span class='ocrx_word' id='word_1_175' title='bbox 870 2401 906 2457; x_wconf 90' lang='lat' dir='ltr'>tu,</span> <span class='ocrx_word' id='word_1_176' title='bbox 1002 2427 1003 2434; x_wconf 24' lang='grc' dir='ltr'><strong>κ</strong></span> 
     </span>
    </p>
   </div>
   <div class='ocr_carea' id='block_1_5' title="bbox 158 2466 834 2692">
    <p class='ocr_par' dir='ltr' id='par_1_5' title="bbox 158 2466 834 2692">
     <span class='ocr_line' id='line_1_30' title="bbox 249 2466 810 2540; baseline -0.005 -17"><span class='ocrx_word' id='word_1_177' title='bbox 249 2468 425 2540; x_wconf 84' lang='lat' dir='ltr'>Persephones</span> <span class='ocrx_word' id='word_1_178' title='bbox 435 2471 542 2534; x_wconf 88' lang='lat' dir='ltr'>ooniux,</span> <span class='ocrx_word' id='word_1_179' title='bbox 554 2469 655 2523; x_wconf 77' lang='lat' dir='ltr'>saevior</span> <span class='ocrx_word' id='word_1_180' title='bbox 664 2485 722 2524; x_wconf 89' lang='lat' dir='ltr'>esse</span> <span class='ocrx_word' id='word_1_181' title='bbox 734 2466 810 2523; x_wconf 88' lang='lat' dir='ltr'>velis.</span> 
     </span>
     <span class='ocr_line' id='line_1_31' title="bbox 212 2542 828 2617; baseline -0.011 -16"><span class='ocrx_word' id='word_1_182' title='bbox 212 2545 280 2601; x_wconf 92' lang='lat' dir='ltr'>Sunt</span> <span class='ocrx_word' id='word_1_183' title='bbox 289 2543 362 2617; x_wconf 79' lang='lat' dir='ltr'>apud</span> <span class='ocrx_word' id='word_1_184' title='bbox 371 2543 487 2599; x_wconf 77' lang='lat' dir='ltr'>infernos</span> <span class='ocrx_word' id='word_1_185' title='bbox 496 2553 534 2599; x_wconf 85' lang='lat' dir='ltr'>tot</span> <span class='ocrx_word' id='word_1_186' title='bbox 543 2543 626 2598; x_wconf 81' lang='lat' dir='ltr'><strong>millia</strong></span> <span class='ocrx_word' id='word_1_187' title='bbox 639 2542 828 2600; x_wconf 78' lang='lat' dir='ltr'>formosarum:</span> 
     </span>
     <span class='ocr_line' id='line_1_32' title="bbox 158 2617 834 2692; baseline -0.006 -18"><span class='ocrx_word' id='word_1_188' title='bbox 158 2632 183 2674; x_wconf 73' lang='lat' dir='ltr'>to</span> <span class='ocrx_word' id='word_1_189' title='bbox 251 2619 362 2692; x_wconf 81' lang='lat' dir='ltr'>pulohra</span> <span class='ocrx_word' id='word_1_190' title='bbox 372 2620 407 2674; x_wconf 88' lang='lat' dir='ltr'>sit</span> <span class='ocrx_word' id='word_1_191' title='bbox 415 2620 445 2674; x_wconf 91' lang='lat' dir='ltr'>in</span> <span class='ocrx_word' id='word_1_192' title='bbox 457 2620 569 2690; x_wconf 88' lang='lat' dir='ltr'>superis,</span> <span class='ocrx_word' id='word_1_193' title='bbox 582 2619 604 2672; x_wconf 89' lang='lat' dir='ltr'>si</span> <span class='ocrx_word' id='word_1_194' title='bbox 616 2617 684 2684; x_wconf 81' lang='lat' dir='ltr'>lieet,</span> <span class='ocrx_word' id='word_1_195' title='bbox 697 2635 750 2673; x_wconf 82' lang='lat' dir='ltr'>una</span> <span class='ocrx_word' id='word_1_196' title='bbox 761 2617 834 2672; x_wconf 85' lang='lat' dir='ltr'>locis.</span> 
     </span>
    </p>
   </div>
   <div class='ocr_carea' id='block_1_6' title="bbox 0 0 1033 3030">
    <p class='ocr_par' dir='ltr' id='par_1_6' title="bbox 0 0 1033 3030">
     <span class='ocr_line' id='line_1_33' title="bbox 0 0 1033 3030; baseline 0 0"><span class='ocrx_word' id='word_1_197' title='bbox 0 0 1033 3030; x_wconf 95' lang='lat' dir='ltr'> </span> 
     </span>
    </p>
   </div>
  </div>
 </body>
</html>
