2020 3036
265 178 474 235 CARMINUM
493 180 620 236 LIBER.
782 189 815 242 tt

66 289 132 345 haec
142 288 247 362 vigeant
257 286 388 352 mandata,
399 304 448 342 nec
457 287 512 344 ulla
521 287 639 344 obliteret
652 299 735 347 aetas:

67 371 98 418 ut
107 361 190 418 simul
200 379 230 416 ac
239 368 341 416 nostros
351 361 466 417 invisent
476 361 578 417 lumina
587 363 674 428 colles,

67 437 199 493 funestam
208 442 346 490 antemnae
354 435 485 506 deponant
494 437 614 508 undique
624 447 731 506 vestem,

67 511 233 582 candidaque
241 510 329 564 intorti
339 508 478 564 sustollant
487 509 545 566 vela
555 511 691 567 rudentes:
829 527 867 572 aas

67 586 156 642 lucida
165 602 219 656 qua
229 583 367 656 splendent
376 585 477 638 summi
486 585 617 640 carchesia
627 586 705 641 mali:

67 659 269 733 quamprimum
279 675 388 712 cernens
397 665 427 712 ut
437 658 501 714 lacta
510 659 607 732 gaudia
618 667 704 715 mente

66 751 218 808 agnoscam,
229 749 316 804 quum
326 739 350 786 te
360 731 482 787 reducem
492 741 561 788 aetas
569 750 692 806 prospera
702 737 802 793 sistet«

67 811 137 863 Haec
146 807 268 862 mandata
277 807 353 878 prius
362 807 489 862 constanti
498 815 585 862 mente
594 816 724 866 tenentem

68 883 176 946 Thesea,
189 898 237 935 ceu
246 880 338 951 pulsae
348 888 487 936 ventorum
496 881 602 938 flamine
611 884 697 939 nubes
827 895 867 942 tio

68 957 169 1012 ae'ri'um
178 955 249 1010 nivei
259 955 364 1020 montis,
378 954 486 1027 liquere,
497 973 634 1013 cacumen.

68 1033 102 1086 At
109 1037 191 1102 pater,
204 1037 234 1084 ut
243 1046 348 1083 summa
357 1037 523 1101 prospectum
533 1049 566 1086 ex
576 1049 634 1087 arce
643 1033 753 1104 potebat,

68 1105 147 1160 anxia
158 1105 187 1158 in
195 1103 315 1158 assiduos
326 1103 468 1159 absumens
476 1103 580 1161 lumina
588 1105 676 1162 fletus:

67 1196 153 1251 quum
162 1178 281 1250 primum
291 1177 373 1232 inflati
382 1180 518 1249 conspexit
527 1179 605 1235 lintea
615 1180 677 1246 veli,

67 1251 681 1325 praecipitemsesesoopulorumeverticeiecit,
826 1267 865 1314 245

67 1329 196 1383 amissum
206 1326 314 1382 credens
323 1327 419 1381 immiti
430 1327 528 1381 Thesea
538 1326 599 1382 into.

66 1403 109 1457 Sic
118 1401 221 1457 funesta
231 1401 326 1456 (lomus
336 1401 472 1474 ingressus
481 1408 544 1455 tecta
553 1409 661 1472 paterna

66 1484 157 1542 morto,
169 1475 242 1532 ferox
251 1477 375 1540 Theseus,
388 1474 495 1547 qualem
504 1475 614 1531 Minoidi
626 1476 726 1532 luctum
806 1507 808 1510 ·

65 1550 196 1607 obtulerat
203 1558 290 1605 moute
298 1550 456 1614 immemori,
469 1549 546 1604 talem
557 1550 614 1622 ipse
623 1553 727 1624 recepit.

66 1626 138 1693 Quae
147 1633 235 1680 tamen
245 1624 399 1696 adspectans
409 1623 542 1678 cedentem
553 1633 650 1681 moesta
660 1629 776 1683 carinam
825 1640 864 1684 252

66 1699 226 1772 multiplices
236 1699 324 1753 animo
334 1697 457 1753 volvebat
466 1699 554 1752 saucia
564 1716 651 1754 curae.

65 1770 650 1847 Aiparteoxalinflorensvolitabatlacchus,

64 1867 126 1904 curn
137 1849 222 1903 thiaso
231 1847 385 1920 Satyrorum
394 1854 420 1901 at
429 1847 572 1922 Nysigenis
580 1847 685 1914 Silonis,

64 1933 88 1978 te
97 1939 237 1996 quaerens,
248 1920 373 1986 Ariadna,
386 1928 485 1994 tuoque
495 1922 619 1978 incensus
628 1940 729 1981 amore:

63 2000 110 2071 qui
121 2005 179 2052 tum
189 1996 286 2052 alacres
295 1996 540 2071 passimiymphata
550 2004 636 2052 mente
646 1997 775 2064 furebant,
825 2008 864 2053 255

63 2091 126 2128 evoe
135 2072 300 2136 bacchantes,
313 2088 384 2136 evoe,
396 2072 480 2142 capita
490 2070 658 2127 inflectentes.

63 2149 163 2202 Horum
173 2163 235 2217 pars
245 2152 309 2200 tecta
319 2145 473 2217 quatiebant
481 2146 717 2220 cuspidethyrsos3

63 2219 260 2293 parsediuolsc
270 2219 400 2274 iactabant
409 2220 526 2274 membra
536 2221 661 2289 iuvenco,

62 2294 277 2367 parssesetortis
287 2293 453 2365 serpentibus
463 2293 647 2366 incingebant,

62 2371 244 2442 parsobscura
254 2368 327 2424 cavis
337 2366 502 2422 celebrabant
510 2368 583 2440 orgia
593 2367 674 2434 cistis,
824 2375 864 2420 tto

61 2446 142 2520 orgia,
155 2461 225 2518 quae
236 2441 331 2497 frustra
341 2441 453 2512 cupiunt
461 2440 552 2502 audire
560 2439 673 2512 profani.

62 2521 224 2594 Piangebant
232 2517 299 2572 aliae
308 2516 421 2587 proceris
430 2523 555 2588 tympana
564 2514 670 2586 palmis,

62 2603 107 2649 aut
115 2595 189 2650 tereti
199 2601 293 2647 tenues
304 2590 415 2644 tinnitus
423 2606 481 2644 aere
489 2589 601 2644 ciebant.

62 2668 137 2726 Multi
147 2669 302 2726 raucisonos
311 2662 435 2721 efflabant
443 2680 540 2720 cornua
550 2663 669 2728 bombos,
