2030 3040
271 119 341 172 LIB.
363 121 383 172 Ι.
413 119 526 174 ELEG.
547 121 596 174 Vl.
757 122 804 172 ⁴59

58 227 155 292 Quare,
168 223 234 294 quid
244 227 326 296 possit
336 243 392 280 mea
404 227 526 300 Cynthia,
539 226 636 292 desine,
650 225 733 291 Galle,

97 315 235 370 quaerere:
258 318 309 354 non
322 301 430 370 impune
440 300 484 354 illa
495 309 582 374 rogata
595 301 674 355 venit.

315 427 472 470 ELEGIA
502 429 548 471 Vl.

59 512 125 575 Non
136 537 184 592 ege
195 535 266 573 nunc
275 518 386 572 Hadriae
397 535 485 572 verear
496 535 567 572 mare
576 534 681 574 nosoere
690 527 785 584 tecum,

98 594 182 658 Tulle,
196 609 282 664 neque
290 593 391 665 Aegaeo
400 593 495 646 dueere
505 591 561 646 vela
571 592 640 647 salo:

59 687 122 722 eum
132 685 186 740 quo
196 667 324 738 Rhipaeos
333 666 434 738 possim
443 665 615 722 eonsoendere
623 677 733 732 montes,

98 742 262 813 ulteriusque
271 741 362 796 domos
372 741 467 796 vadere
476 742 648 795 Memnonias.

60 817 112 872 Sed
122 834 164 870 me
174 815 324 886 eomplexae
333 825 497 871 rerrrorantur
507 815 585 870 verba
594 815 704 887 puellae,
849 828 860 870 5

99 899 249 962 mirtateque
258 908 352 964 graves
362 907 438 962 saepe
447 890 531 946 eolore
540 907 639 962 preces.

61 966 108 1020 Illa
119 966 183 1018 mihi
197 966 254 1018 totis
265 973 367 1038 argutat
378 966 498 1021 noctibus
509 965 592 1038 ignes,

98 1048 123 1094 et
132 1041 251 1111 queritur
261 1039 348 1094 nullos
358 1057 415 1094 esse
424 1040 510 1094 relicta
521 1041 592 1095 deos.

60 1115 107 1169 Illa
118 1131 203 1168 meam
215 1114 282 1167 mihi
292 1131 320 1168 se
331 1115 382 1167 iam
393 1114 515 1188 denega&
538 1113 717 1179 illuminatur,

98 1207 166 1260 quae
175 1187 240 1246 solet
251 1187 315 1241 irate
325 1189 404 1240 tristis
414 1189 497 1242 amice
509 1189 575 1242 viro.

60 1263 107 1318 llis
116 1280 165 1336 ego
175 1279 227 1316 non
239 1261 330 1316 horam
340 1278 449 1332 possum
458 1262 553 1316 durare
562 1263 685 1332 querelis.

98 1339 138 1392 Ah
150 1345 245 1408 pereat,
257 1335 280 1388 si
291 1336 353 1406 quis
363 1334 450 1388 lentus
461 1352 549 1389 amare
557 1337 652 1406 potest!

60 1414 101 1467 iln
113 1411 179 1466 mihi
190 1413 224 1464 sit
233 1409 306 1473 tanti,
319 1408 406 1463 doctas
415 1425 568 1482 eognoseere
578 1408 701 1472 Athenas,

98 1495 177 1557 etque
186 1484 264 1539 Asiae
273 1491 371 1538 veteres
381 1500 484 1538 eernere
494 1483 608 1546 divitias,
657 1545 658 1548 Ἴ

58 1571 91 1626 ,ιιι
103 1561 170 1614 mihi
180 1559 291 1613 deducta
300 1557 377 1613 iaciat
387 1558 505 1612 convicia
513 1557 597 1628 puppi

100 1635 120 1690 G
141 1634 224 1696 utilia,
235 1641 260 1686 et
271 1633 370 1687 insanis
379 1649 422 1686 ora
435 1639 504 1686 notet
513 1632 645 1692 manibus,

61 1653 204 1777 oseudaque
213 1707 331 1776 opposito
341 1706 409 1760 dieat
419 1707 470 1760 sibi
481 1705 567 1759 debita
578 1713 663 1768 vento,

99 1796 124 1836 et
135 1781 201 1834 nihil
213 1780 295 1834 infido
303 1779 397 1834 durius
406 1797 463 1834 esse
473 1778 547 1834 viro‘?

62 1859 102 1911 Tu
113 1855 199 1926 patrui
209 1855 315 1910 meritas
325 1871 418 1910 eonare
427 1855 523 1910 anteire
533 1871 645 1918 secures,

99 1939 124 1984 et
135 1937 219 1985 vetera
228 1929 317 1984 oblitis
327 1930 384 1984 iura
397 1928 488 1985 relerre
496 1928 573 1985 foris:

63 2023 124 2059 nam
136 2013 179 2060 tua
190 2023 242 2060 non
252 2014 322 2060 aetas
333 2023 452 2076 unquam
463 2004 574 2060 cessavit
582 2003 682 2068 Amori,

99 2097 201 2150 semper
211 2089 237 2134 at
245 2087 359 2134 armatae
367 2097 429 2135 cura
439 2079 489 2134 luit
498 2079 604 2151 patriae.

62 2157 95 2208 Et
105 2154 152 2207 tibi
163 2171 215 2208 non
226 2171 347 2224 unquam
358 2163 458 2209 nostros
468 2171 533 2224 puer
542 2153 590 2207 iste
600 2151 700 2206 labores

99 2227 204 2291 adferat,
215 2236 240 2282 et
250 2227 365 2282 lacrimis
375 2229 462 2282 omnia
474 2235 533 2280 nota
543 2227 617 2280 meis.

61 2303 103 2357 lle
112 2303 178 2366 sine,
190 2318 270 2373 quem
281 2319 384 2372 semper
394 2301 478 2356 voluit
487 2299 589 2354 fortuna
600 2300 690 2362 ledere,

100 2377 168 2430 hane
178 2376 294 2430 animam
304 2383 435 2430 extremae
444 2373 550 2428 reddere
560 2373 701 2445 nequitiae.

63 2451 138 2505 Multi
150 2450 295 2524 longinquo
304 2451 403 2522 periere
413 2450 440 2504 in
451 2466 538 2504 amore
547 2448 664 2511 libenter,

102 2527 126 2579 in
138 2543 253 2596 quorum
264 2542 374 2580 numere
385 2542 427 2578 me
437 2541 544 2596 quoque
554 2531 618 2578 terra
631 2530 708 2596 tegat.

64 2601 120 2655 Non
131 2617 179 2673 ego
189 2617 249 2655 sum
260 2599 342 2665 laudi,
354 2617 406 2655 non
418 2608 494 2654 natus
505 2598 614 2654 idoneus
624 2615 718 2653 armis:
