2028 3034
250 159 283 210 76
539 155 710 212 CATULLI

307 317 471 362 LXXXIII.
500 318 538 362 IN
568 317 744 361 Marruuia
775 318 938 362 Lusor-m.

252 418 353 481 Lesbia
366 431 404 480 mi
417 433 552 496 praesente
563 426 622 481 viro
634 424 704 480 mala
716 425 831 497 plurima
844 427 920 483 dicit:

287 501 337 555 hoe
350 501 390 555 iili
402 499 474 555 fatuo
486 501 602 556 maxima
616 499 711 555 laetitia
723 508 771 554 est.

251 574 333 642 Mule,
347 574 413 630 nihil
427 576 518 629 sentis.
533 575 559 629 Si
573 575 655 630 nostri
668 573 748 629 oblita
761 582 861 640 taceret,

287 667 351 704 sana
361 658 437 704 esset.
460 651 538 704 Nunc
549 649 621 720 quod
633 650 727 722 gannit
738 657 764 703 et
773 649 937 722 obloquitur,

195 731 209 778 5
250 740 303 778 non
316 722 403 778 solum
416 725 546 788 meminit,
561 722 616 788 sed,
628 724 791 794 quaemulto
801 726 883 780 aerior
893 734 932 780 est
942 745 996 794 res,

288 799 351 852 irata
364 805 415 852 est:
431 797 480 852 boo
493 805 541 863 est,
556 797 643 852 uritur
654 806 680 853 et
692 797 819 872 loquitur.

429 939 585 986 LXXXIV·
616 943 663 986 DE
693 943 809 987 aurato.

250 1025 419 1089 Chommoda
431 1031 542 1096 dioebat,
558 1032 581 1086 si
594 1032 702 1106 quando
714 1035 850 1091 eommoda
864 1037 942 1093 veliet

289 1107 383 1172 dicere,
398 1115 423 1162 et
434 1106 565 1162 hinsidias
577 1107 670 1164 Arrius
684 1108 807 1164 insidias:

249 1192 274 1237 at
286 1189 344 1236 turn
354 1179 464 1236 miri-ica
476 1184 597 1253 sperabat
609 1202 638 1238 se
650 1201 706 1238 esse
718 1182 845 1249 locutum,

286 1274 381 1328 quum,
396 1264 527 1328 quantum
537 1265 644 1328 poterat,
659 1257 760 1312 dixerat
772 1257 910 1315 hinsidias
1006 1287 1007 1326 p

195 1343 206 1384 5
250 1331 333 1387 Credo
345 1332 383 1384 sio
395 1340 485 1397 mater,
498 1333 537 1386 sio
548 1333 627 1386 Liber
636 1332 785 1387 avunculus
797 1335 864 1399 eius,

286 1406 325 1460 sio
338 1413 471 1461 maternus
483 1424 550 1460 avus
563 1407 672 1472 dixerat,
687 1415 766 1478 atque
778 1409 847 1462 avia.
1006 1449 1007 1484 ,

248 1482 302 1535 Hoc
314 1481 395 1534 misso
408 1481 435 1535 in
448 1481 561 1554 Syriam,
578 1481 725 1552 requierant
737 1483 862 1536 omnibus
875 1501 964 1549 aures,
1006 1485 1007 1494 ’

285 1553 412 1609 audibant
423 1554 513 1609 eadem
526 1555 589 1608 haee
602 1555 693 1608 leniter
705 1561 730 1606 et
743 1554 841 1620 ieviter,

249 1645 297 1684 neo
315 1630 367 1684 sibi
380 1628 484 1701 postilla
498 1628 649 1683 metuebant
661 1626 721 1682 talia
735 1629 824 1693 verba,

285 1721 370 1776 quum
383 1704 470 1758 subito
482 1701 597 1756 adfertur
611 1702 720 1755 nuntius
734 1701 877 1770 horribilis,

195 1788 221 1830 1⁰
249 1779 334 1832 Ionios
347 1777 450 1842 ssuetus,
464 1785 605 1849 postquam
618 1775 682 1829 illue
693 1776 787 1830 Arrius
800 1778 871 1842 isset,

285 1854 337 1907 iam
352 1869 402 1906 uon
417 1852 501 1906 Ionios
514 1867 579 1914 essa,
594 1849 641 1903 sad
653 1849 769 1902 Hionios.

383 1992 523 2036 LXXXV.
554 1993 600 2034 DE
629 1993 751 2035 AMORE
781 1992 856 2036 SUO.

248 2079 306 2142 Odi
318 2094 343 2140 et
355 2101 423 2139 amo.
444 2081 530 2148 Quare
542 2082 570 2135 id
582 2080 685 2148 faciam,
699 2082 808 2138 fortasse
821 2085 957 2156 requiris?

284 2158 385 2223 Nesoi0,
400 2156 447 2211 sed
460 2156 515 2211 fieri
529 2157 613 2212 sentio
625 2167 650 2213 et
661 2159 805 2214 exoruoior.

284 2320 442 2365 LXXXVI.
472 2321 518 2364 DE
548 2318 710 2370 aalma
738 2320 785 2364 ET
815 2321 956 2367 LESBIA.

247 2405 360 2480 Quintia
374 2413 485 2468 formosa
497 2419 537 2468 est
549 2412 653 2468 multis:
668 2412 736 2467 mibi
748 2412 868 2477 eandida,
880 2412 970 2487 ionga,

284 2498 350 2543 reeta
363 2498 414 2542 est:
427 2488 477 2542 hoo
487 2503 545 2561 ego,
560 2488 599 2542 sie
611 2487 716 2561 singula
729 2487 864 2542 oonsrteor:

245 2571 328 2619 toturn
342 2563 418 2629 illud,
432 2562 554 2628 formosa,
570 2580 650 2637 nego:
666 2580 728 2617 nam
741 2561 814 2617 nulla
826 2571 961 2629 venustas,

283 2639 356 2694 nulla
370 2639 396 2694 in
409 2647 464 2694 tam
476 2655 574 2712 magno
585 2648 625 2694 est
636 2655 742 2710 oorpore
754 2638 821 2692 mica
834 2635 907 2690 salis.
