2040 3030
230 157 301 210 LlB.
322 157 359 210 ll.
390 155 504 210 ELEG.
525 157 620 210 XXV.
751 161 800 214 2⁴9

50 263 242 334 Amphiarabae
252 263 290 318 nil
299 272 410 334 prosunt
419 262 471 317 fata
480 262 633 336 quadrigae

88 347 136 392 aut
148 337 262 408 Capanei
273 355 369 411 magno
378 345 450 410 grata
462 355 539 391 ruma
548 338 613 391 loru
828 347 855 394 to

49 413 146 466 Desine
156 420 181 466 et
191 411 336 485 Aeschyleo
345 427 499 482 componere
509 411 587 465 verba
598 412 735 477 cothurno,

15 507 16 520 ¹
88 485 189 550 desine,
202 494 228 539 et
236 485 270 539 ad
280 484 371 539 molles
381 485 498 540 membra
508 485 609 540 resolve
618 487 722 542 choros

50 560 158 651 Incipe'
150 577 202 614 ram
213 566 325 632 angusto
335 575 428 614 versus
439 558 572 614 includere
580 567 667 630 torno;

75 624 172 705 rnque
180 641 239 689 tuos
249 649 333 706 ignes
345 632 411 687 dure
420 641 502 704 poeta,
515 635 586 688 veni.

50 710 89 763 Tu
102 727 155 763 non
166 707 331 772 Antimacho,
344 725 396 762 non
406 708 487 762 tutior
497 707 549 762 ibis
558 709 682 765 Homero:

87 782 198 853 despicit
206 789 232 836 et
241 798 351 854 magnos
362 789 429 836 recta
438 781 526 854 puella
536 781 607 838 deos.

12 890 13 918 ÷
50 857 102 912 Sed
112 875 165 912 noa
175 865 234 912 ante
243 857 318 930 gravi
329 864 420 911 taurus
430 858 580 913 succumbit
591 867 684 924 aratro,

87 948 185 987 cornua
195 949 276 1004 quam
286 930 382 986 validis
392 931 503 986 haeserit
512 933 541 987 in
551 932 665 1005 laqueis:

50 1013 137 1061 noctu
146 1013 200 1060 tam
210 1006 290 1061 dums
299 1023 347 1077 per
357 1014 381 1060 te
390 1007 496 1078 patieris
507 1025 622 1062 amores:

87 1088 149 1135 trux
159 1089 245 1136 tamen
256 1099 271 1136 a
282 1081 358 1136 nobis
368 1089 427 1136 ante
435 1081 584 1137 domandus
596 1084 658 1137 eris.

50 1157 149 1210 llarum
160 1155 232 1210 nulla
243 1154 308 1209 solet
317 1157 443 1210 rationem
453 1173 577 1227 quaerere
586 1157 690 1221 mundi,

87 1247 136 1284 uec
144 1247 191 1283 cnr
201 1228 321 1283 fraternis
331 1230 406 1284 Luna
418 1228 515 1284 laboret
524 1231 614 1301 equis·

50 1321 98 1360 nec
107 1304 130 1358 si
141 1311 198 1374 post
208 1302 313 1430 Stypias
323 1302 425 1373 aliquid
435 1304 542 1357 restabit
551 1304 585 1357 ad
595 1304 690 1369 undas,

87 1395 135 1433 nec
143 1378 166 1431 si
176 1393 257 1431 consu
270 1383 295 1432 to
305 1375 417 1430 fulmina
428 1377 509 1431 missa
518 1385 615 1432 ionem.

50 1453 163 1524 Adspice
173 1469 223 1516 me,
236 1451 279 1506 cui
278 1467 369 1526 parva
379 1450 451 1505 domi
462 1450 565 1506 fortuna
576 1451 662 1507 relicta
672 1462 719 1518 est,

87 1527 178 1582 nullus
187 1534 213 1581 ct
221 1527 331 1598 antiquo
340 1527 421 1581 Marte
430 1527 583 1598 triumphus
593 1543 650 1582 avr

49 1611 79 1657 ut
89 1619 196 1676 regnem
206 1601 302 1656 mixtas
313 1601 380 1656 inter
389 1601 500 1656 conviva
509 1600 610 1672 puellas

155 1692 267 1748 equo
276 1676 324 1729 tibi
335 1692 406 1729 nunc
414 1675 529 1740 elevor
521 1677 637 1748 ingenio

49 1678 170 1805 Mdluv'et
198 1749 308 1804 esterms
317 1750 432 1820 positum
444 1749 567 1823 languere
575 1749 688 1816 corollis,

86 1842 166 1897 quem
176 1825 248 1898 tetigi
242 1825 337 1880 tiactu
347 1824 632 1880 cortusadossadeus:

49 1844 121 1954 Actqia
132 1899 274 1973 Virgilium
283 1899 398 1954 custodis
409 1898 482 1954 limra
491 1899 599 1965 Phoebi,

86 1975 203 2030 Caesaris
212 1981 237 2028 et
246 1972 324 2028 iortes
332 1973 418 2028 dicere
427 1991 503 2045 posse
513 1981 594 2029 ratas:

48 2049 95 2120 qui
105 2065 177 2104 nunc
188 2049 290 2103 Aeneae
299 2049 403 2104 Troiani
416 2048 523 2103 suscitat
532 2066 614 2114 arma,

86 2124 202 2194 iactaque
211 2123 320 2177 Lavinis
329 2124 431 2178 moenia
444 2123 575 2178 litoribus.

48 2197 136 2252 Cedite
144 2197 256 2251 Romani
265 2197 410 2266 scriptores,
422 2197 505 2251 cedite
513 2196 600 2252 Graii:

85 2271 172 2325 neseio
181 2268 248 2341 quid
257 2271 344 2323 maius
355 2271 471 2324 nascitur
480 2269 570 2324 Iliade.

48 2346 86 2400 Tu
98 2344 170 2399 canis
180 2343 298 2398 umbrosi
307 2344 398 2397 subter
406 2344 494 2414 pineta
503 2343 591 2398 Galesi

84 2418 208 2493 Thyrsin,
220 2417 479 2489 etattritisDaphnin
490 2417 679 2474 arundinibus:

46 2503 128 2566 utque
138 2492 227 2548 decem
236 2492 338 2564 possint
346 2509 513 2564 corrumpere
522 2493 591 2548 mala
602 2493 716 2566 puellam

83 2586 181 2623 missus
190 2575 215 2622 ct
225 2585 361 2638 impressrs
371 2567 471 2622 hoedus
481 2567 515 2622 ab
526 2567 662 2624 uberibus
819 2580 846 2622 ro

47 2643 128 2709 Felix,
140 2661 188 2715 qur
182 2642 264 2698 'viles
273 2643 360 2718 pomis
370 2643 493 2698 mercaris
504 2644 618 2698 amores!
