2028 3034
222 163 434 220 CARMINUM
454 164 579 218 LIBER.
740 167 772 218 Ἡ

23 276 117 331 lesbia
135 274 251 330 formosa
268 281 323 328 ests
338 289 408 345 quae
424 288 509 345 quum
527 270 704 343 pulcherrima
722 281 773 327 tota

60 431 119 480 tum
132 424 260 478 omnibus
273 440 327 477 una
339 438 432 477 omues
443 355 573 493 suffigiit
585 423 707 477 Veneres.
816 357 828 402 ὅ

178 548 353 593 LXXXVII.
381 549 420 592 ΙΝ
450 550 625 593 GELLIUM.

27 634 103 710 Quid
116 641 180 697 facil
192 642 225 707 is,
240 641 319 705 Gelli,
334 641 458 713 quicum
471 648 553 696 matre
565 649 644 712 alque
656 659 744 698 serore

58 718 156 790 prurit,
171 724 197 772 et
209 716 316 771 abiectis
325 714 465 788 pervigilat
477 714 592 770 tunicis?

24 792 94 860 Quid
108 791 171 846 iacit
189 791 221 856 is,
245 798 371 862 patrarum
393 790 441 862 qui
464 807 517 845 nen
539 791 604 918 sin?it
619 809 676 846 esse
692 794 773 847 mari-

519 871 576 919 tum

59 939 166 1012 Ecquid
179 939 241 1002 scis,
256 946 387 1011 quantum
397 939 524 1010 suscipiat
535 939 658 994 sceleris?

24 1015 148 1086 Suscipit,
163 1030 180 1068 ο
192 1012 269 1078 Gelli,
284 1021 415 1084 quantum
429 1029 481 1067 non
494 1013 587 1068 ultima
600 1015 707 1088 Tethys,
816 1027 828 1068 5

61 1107 110 1145 neo
122 1089 225 1162 genitor
237 1086 424 1161 Nympharum
437 1087 522 1142 abluit
534 1087 664 1145 Oceanus.

24 1165 79 1218 lam
93 1163 161 1218 nihil
171 1169 211 1216 est
223 1162 368 1234 quicquam
381 1161 494 1227 sceleris,
509 1179 563 1235 quo
572 1163 679 1234 prodeat
688 1163 770 1219 ultra:

61 1256 114 1294 nen
128 1238 152 1293 si
164 1237 280 1292 demisso
292 1254 320 1292 se
334 1237 389 1307 ipse
407 1246 479 1292 voret
490 1238 583 1308 capite.

175 1363 366 1408 Lxxxvul.
397 1366 443 1408 DE
474 1363 618 1408 asupio.

24 1448 131 1512 Gellius
148 1462 188 1511 eet
204 1455 301 1510 tenuis.
332 1454 451 1523 Quidni?
466 1455 509 1510 cui
527 1462 580 1510 tam
596 1455 666 1510 bona
679 1465 769 1523 mater,

60 1539 170 1603 tamque
183 1529 273 1585 valens
287 1530 360 1585 vivat
372 1537 480 1603 tamque
493 1539 605 1585 venusta
617 1548 699 1595 soror,

24 1615 132 1677 tamque
144 1605 232 1659 bonus
241 1612 362 1676 patruus,
378 1605 582 1678 lamqueomnia
590 1604 668 1676 plena
676 1606 773 1678 puellis

60 1678 198 1754 cognatis?
209 1697 292 1752 quare
304 1678 327 1734 is
340 1678 443 1734 desinat
454 1697 511 1734 esse
523 1679 627 1734 macer?

23 1753 73 1820 Qui
88 1762 119 1809 ut
132 1753 200 1808 nihil
214 1754 331 1826 attingat,
345 1754 397 1808 nisi
409 1753 483 1825 quod
494 1753 534 1808 sas
543 1762 648 1827 tangere
658 1770 711 1809 non
721 1763 770 1820 est,
816 1769 827 1808 5

61 1828 236 1901 quantumvis
249 1845 331 1900 quare
343 1829 378 1882 sit
389 1845 484 1892 macer,
500 1828 629 1882 invenies.

181 1954 342 2000 LXXXlX.
371 1956 408 1999 IN
438 1957 613 2001 GELLIUM.

24 2039 53 2101 N
54 2055 158 2102 ascatur
171 2047 265 2120 Magus
278 2063 311 2102 ex
324 2047 392 2102 Gelll
405 2048 551 2120 matrisque
564 2047 676 2102 nefando

59 2121 193 2195 coniugio,
206 2128 232 2175 et
243 2121 326 2176 diseat
342 2123 476 2176 Persicum
491 2122 683 2194 haruspicium.

26 2199 91 2252 Nam
101 2198 198 2269 Magus
211 2212 244 2250 ex
257 2204 340 2251 matre
353 2204 378 2250 et
389 2206 469 2270 gnato
481 2197 608 2269 gignatau
619 2203 727 2266 oportet,

58 2272 81 2325 si
97 2288 158 2326 vera
171 2277 211 2324 est
223 2272 360 2325 Persarum
374 2272 456 2342 impia
468 2269 579 2343 relligio,

25 2353 120 2418 gnatus
134 2352 164 2399 ut
177 2352 281 2416 accepto
295 2352 431 2400 veneretur
443 2345 559 2400 carmine
571 2343 656 2408 divos,

59 2426 198 2476 omentum
211 2419 240 2474 in
253 2418 359 2474 llemma
371 2420 472 2493 pingue
484 2417 665 2492 liquefaciens.

231 2545 288 2592 xc.
317 2547 356 2591 1N
386 2547 563 2590 annulum.

22 2629 86 2696 Non
100 2640 169 2706 ideo,
185 2637 264 2702 uelli,
280 2638 418 2710 sperabam
430 2645 455 2692 le
467 2638 535 2692 mihi
549 2637 632 2692 fidum
