2020 3036
216 195 248 245 82
500 189 670 247 CATULLI

419 351 487 394 CVI.
516 352 562 395 An
588 351 717 394 LESBIA
727 351 757 393 M.

217 436 250 496 Si
273 439 422 514 quidquam
445 442 595 514 cupidoque
612 443 765 513 optantique
789 440 883 514 obtigit
901 457 963 495 urn-

709 533 792 587 quam
802 523 827 568 et

253 589 406 662 insperanti,
418 589 468 644 hoo
478 598 516 645 est
525 597 630 663 gratum
641 590 730 645 animo
740 589 855 674 proprie.

216 666 302 732 Quare
312 665 361 718 hoo
372 671 409 718 est
419 671 534 736 gratum,
546 663 622 718 nobis
636 663 839 735 quoqueoarius
854 680 926 727 auro

254 737 492 811 quodterostituis,
505 737 608 803 Lesbia,
621 737 774 822 mioupido.

217 813 340 867 Restiturs
350 810 454 881 oupulo
467 818 545 882 atque
555 811 698 882 insperanti
708 829 765 883 ipsa
775 809 888 866 referste

254 887 343 941 nobis:
355 884 467 940 oluoem
476 883 626 939 candidiore
634 886 707 940 notai

216 960 283 1026 Quis
293 977 335 1014 me
347 975 400 1014 uno
410 959 477 1014 vivit
487 958 602 1014 felicior?
621 967 666 1015 aut
675 976 760 1033 magu
769 959 819 1014 huo
827 975 868 1012 res

253 1032 379 1104 optandas
388 1033 441 1088 vita
451 1031 536 1088 dicere
544 1034 606 1106 quis
615 1033 726 1106 poterit?

406 1175 489 1220 cvu.
513 1175 553 1220 IN
578 1175 773 1222 COMINIUM.

218 1259 251 1321 Si
263 1267 366 1323 Comini
377 1268 483 1322 arbitrio
493 1269 613 1339 populari
622 1285 686 1322 oana
696 1276 814 1322 senectus

254 1351 374 1412 spurcata
385 1359 498 1414 impuris
508 1344 628 1398 moribus
638 1341 754 1406 intereat
1002 1327 1003 1372 ยน

218 1435 268 1470 nou
284 1416 408 1488 equidem
421 1416 528 1482 dubito,
549 1417 617 1489 quin
630 1417 749 1487 primum
763 1415 872 1472 inimica
882 1415 1003 1470 bono-

709 1507 770 1544 rum

254 1557 345 1638 lingua
356 1572 456 1620 exsecta
467 1563 546 1620 avido
556 1565 591 1618 sit
600 1563 660 1618 data
669 1562 795 1618 volturio.

163 1651 174 1690 5
218 1639 324 1694 effossos
333 1639 421 1694 oeulos
436 1645 544 1692 voretat
544 1655 572 1692 ro
581 1638 686 1712 gurgite
695 1654 799 1700 corius,

254 1715 376 1768 intestina
386 1728 472 1773 canes
485 1719 567 1768 oetera
578 1713 696 1766 membra
707 1711 773 1784 lupi.

407 1837 507 1882 cvrll.
533 1839 578 1881 AD
603 1838 773 1882 pusulam.

216 1923 378 1992 Iucundum,
390 1945 447 1984 mea
458 1929 521 1993 vita
533 1928 600 1987 mihi
609 1928 734 1998 proponis
743 1945 859 1982 amorem

254 2005 326 2060 huno
335 2011 455 2058 nostrum
464 2003 532 2058 mter
542 2020 590 2057 nos
599 2000 831 2072 perpetuumque
828 2018 882 2056 ore.

217 2080 258 2133 Dii
269 2077 368 2149 magni,
380 2075 463 2140 facite,
476 2083 506 2130 ut
516 2093 575 2130 vere
584 2075 734 2146 promittere
742 2075 834 2144 possit

254 2161 331 2222 atque
341 2147 478 2203 rdsrnoere
487 2149 563 2214 dicat
578 2156 644 2204 etex
654 2166 752 2213 ammo

163 2239 174 2280 5
219 2223 416 2279 utlioeatnobie
425 2231 477 2279 tota
485 2223 690 2295 produoerovita

254 2307 388 2354 aeteruum
398 2298 448 2354 hoo
457 2306 561 2354 sanctam
569 2297 662 2356 foedus
671 2297 811 2352 amrortrae.

393 2425 465 2471 CIX.
489 2427 535 2470 An
561 2424 790 2470 AUFILENAM.

219 2509 355 2583 Aufileua,
368 2515 830 2590 bonaesemperlaudanturamioae:

256 2592 519 2680 aooipiuntpretinm,
531 2591 692 2665 quaefeoere
706 2590 856 2646 instituunt.

218 2668 267 2730 Tu,
281 2667 352 2739 qnod
361 2669 481 2740 promisti
491 2668 558 2722 mihi
569 2665 641 2739 quod
651 2667 767 2728 mentita,
780 2664 886 2718 inimica
897 2683 939 2718 es:
