2030 3036
271 163 481 222 CARMINUM
501 164 615 218 LIBER

205 284 230 330 te
243 273 355 330 volente.
395 270 460 338 Quis
472 271 537 326 huic
548 271 596 325 deo

244 347 418 420 oompararier
430 344 517 402 ausit?

208 457 327 514 Claustra
338 454 446 526 pandite
458 455 565 508 ianuae:

209 533 283 605 virgo
295 529 377 585 adoet.
417 526 507 582 Viden’
519 535 550 582 ut
561 525 630 582 raons

204 604 359 678 splendidas
372 602 495 674 quatiunt
506 600 612 657 eomas?

209 680 260 736 Sed
272 679 395 746 moraris3
417 677 472 734 abit
483 676 553 731 dies:

246 753 365 826 prodeas,
379 769 448 807 nova
460 758 552 824 nupta.

210 861 303 916 Tardet
314 863 446 933 ingenuus
458 858 558 931 pudor:

210 954 278 1009 quae
290 944 377 990 tamen
390 934 475 1007 magis
488 932 597 988 audiens

209 1012 260 1076 flet,
276 1009 348 1082 quod
360 1009 398 1063 ire
411 1025 515 1063 neeesse
527 1009 570 1062 sit.

210 1085 260 1142 Sed
273 1084 396 1151 moraris3
417 1083 472 1136 abit
483 1081 553 1136 dies:

245 1159 364 1231 prodeas,
379 1173 448 1213 nova
461 1163 552 1227 nupta.

209 1267 283 1323 Flere
294 1265 394 1320 doe'ine.
433 1265 491 1319 Non
504 1264 562 1327 tihi,
576 1263 631 1320 Au-

209 1341 354 1404 runculeia‚
369 1337 518 1410 periculum
530 1347 578 1402 est,

210 1434 243 1471 ne
255 1433 309 1487 qua
320 1413 419 1468 femina
431 1411 565 1483 pulohrior

211 1491 312 1546 clarum
325 1489 359 1543 ab
372 1486 475 1543 Oceano
487 1486 557 1541 diem

247 1563 343 1619 viderit
355 1559 513 1618 venientem.

210 1682 280 1737 Talis
292 1682 321 1736 in
335 1680 407 1734 vario
419 1677 484 1732 solet

210 1757 301 1812 divitis
313 1753 414 1811 domini
427 1750 532 1806 hortulo

211 1839 277 1886 stare
289 1829 337 1885 flos
352 1826 550 1903 hyacinthinus.

211 1905 261 1961 Sed
274 1905 393 1968 moraris,
409 1902 464 1957 abit
475 1901 544 1955 dies:

248 1980 367 2052 prodeas,
382 1995 451 2033 nova
464 1987 555 2047 nupta.

211 2105 331 2169 Prodeas,
346 2121 414 2160 nova
427 2109 518 2173 nupta,
534 2101 555 2154 si

212 2181 265 2235 iam
277 2179 390 2243 videtur,
404 2185 430 2233 et
441 2175 533 2231 audias

212 2262 300 2309 nostra
312 2253 402 2309 verba.
442 2247 552 2307 viden'?
570 2247 638 2304 faoes

212 2345 304 2383 aureas
316 2327 441 2400 quatiunt
452 2341 555 2379 oomas:

251 2401 368 2475 prodeas,
383 2417 452 2457 nova
464 2404 556 2469 nupta.

213 2513 270 2567 Non
284 2519 346 2566 tuus
358 2508 424 2564 levis
437 2508 466 2562 in
479 2504 549 2561 mala

213 2585 318 2641 deditus
332 2585 372 2640 vir
384 2581 511 2646 adultera,

212 2661 308 2732 probra
322 2659 408 2730 turpia
421 2669 591 2730 persequens,
