<?xml version="1.0" encoding="UTF-8"?>
<!DOCTYPE html PUBLIC "-//W3C//DTD XHTML 1.0 Transitional//EN"
    "http://www.w3.org/TR/xhtml1/DTD/xhtml1-transitional.dtd">
<html xmlns="http://www.w3.org/1999/xhtml" xml:lang="en" lang="en">
 <head>
  <title>
</title>
<meta http-equiv="Content-Type" content="text/html;charset=utf-8" />
  <meta name='ocr-system' content='tesseract 3.04.00' />
  <meta name='ocr-capabilities' content='ocr_page ocr_carea ocr_par ocr_line ocrx_word'/>
</head>
<body>
  <div class='ocr_page' id='page_1' title='image "./catullitibullie00propgoog_0090.png"; bbox 0 0 2020 3036; ppageno 0'>
   <div class='ocr_carea' id='block_1_1' title="bbox 211 163 763 221">
    <p class='ocr_par' dir='ltr' id='par_1_1' title="bbox 211 163 763 221">
     <span class='ocr_line' id='line_1_1' title="bbox 211 163 763 221; baseline 0.002 -2"><span class='ocrx_word' id='word_1_1' title='bbox 211 163 421 221; x_wconf 73' lang='lat' dir='ltr'>cluumuu</span> <span class='ocrx_word' id='word_1_2' title='bbox 441 164 563 220; x_wconf 88' lang='lat' dir='ltr'>LIBER.</span> <span class='ocrx_word' id='word_1_3' title='bbox 729 167 763 220; x_wconf 72' lang='lat'>75</span> 
     </span>
    </p>
   </div>
   <div class='ocr_carea' id='block_1_2' title="bbox 179 340 580 386">
    <p class='ocr_par' dir='ltr' id='par_1_2' title="bbox 179 340 580 386">
     <span class='ocr_line' id='line_1_2' title="bbox 179 340 580 386; baseline -0.002 -1"><span class='ocrx_word' id='word_1_4' title='bbox 179 340 311 385; x_wconf 85' lang='lat' dir='ltr'>LXXIX.</span> <span class='ocrx_word' id='word_1_5' title='bbox 341 341 380 384; x_wconf 84' lang='lat' dir='ltr'>IN</span> <span class='ocrx_word' id='word_1_6' title='bbox 409 342 580 386; x_wconf 81' lang='lat' dir='ltr'>LESBlUM.</span> 
     </span>
    </p>
   </div>
   <div class='ocr_carea' id='block_1_3' title="bbox 17 429 756 727">
    <p class='ocr_par' dir='ltr' id='par_1_3' title="bbox 17 429 744 582">
     <span class='ocr_line' id='line_1_3' title="bbox 17 429 744 505; baseline 0.001 -14"><span class='ocrx_word' id='word_1_7' title='bbox 17 429 134 492; x_wconf 83' lang='lat' dir='ltr'>Lesbius</span> <span class='ocrx_word' id='word_1_8' title='bbox 146 441 185 489; x_wconf 85' lang='lat' dir='ltr'>est</span> <span class='ocrx_word' id='word_1_9' title='bbox 197 431 320 505; x_wconf 79' lang='lat' dir='ltr'>pulcher:</span> <span class='ocrx_word' id='word_1_10' title='bbox 335 431 449 504; x_wconf 77' lang='lat' dir='ltr'>quidni?</span> <span class='ocrx_word' id='word_1_11' title='bbox 460 449 542 504; x_wconf 88' lang='lat' dir='ltr'>quem</span> <span class='ocrx_word' id='word_1_12' title='bbox 554 434 648 489; x_wconf 89' lang='lat' dir='ltr'>Lesbia</span> <span class='ocrx_word' id='word_1_13' title='bbox 661 436 744 503; x_wconf 86' lang='lat' dir='ltr'>malit,</span> 
     </span>
     <span class='ocr_line' id='line_1_4' title="bbox 53 507 606 582; baseline -0.007 -17"><span class='ocrx_word' id='word_1_14' title='bbox 53 527 135 582; x_wconf 87' lang='lat' dir='ltr'>quam</span> <span class='ocrx_word' id='word_1_15' title='bbox 147 517 172 562; x_wconf 81' lang='lat' dir='ltr'>te</span> <span class='ocrx_word' id='word_1_16' title='bbox 184 523 246 562; x_wconf 85' lang='lat' dir='ltr'>cum</span> <span class='ocrx_word' id='word_1_17' title='bbox 258 515 310 563; x_wconf 77' lang='lat' dir='ltr'>lota</span> <span class='ocrx_word' id='word_1_18' title='bbox 322 515 408 580; x_wconf 81' lang='lat' dir='ltr'>gente,</span> <span class='ocrx_word' id='word_1_19' title='bbox 422 507 531 571; x_wconf 81' lang='lat' dir='ltr'>Catulle,</span> <span class='ocrx_word' id='word_1_20' title='bbox 544 507 606 563; x_wconf 77' lang='lat' dir='ltr'>tua?</span> 
     </span>
    </p>

    <p class='ocr_par' dir='ltr' id='par_1_4' title="bbox 18 581 756 727">
     <span class='ocr_line' id='line_1_5' title="bbox 18 581 756 656; baseline 0.001 -18"><span class='ocrx_word' id='word_1_21' title='bbox 18 583 68 638; x_wconf 88' lang='lat' dir='ltr'>Sed</span> <span class='ocrx_word' id='word_1_22' title='bbox 79 592 165 638; x_wconf 87' lang='lat' dir='ltr'>tamen</span> <span class='ocrx_word' id='word_1_23' title='bbox 176 582 221 636; x_wconf 87' lang='lat' dir='ltr'>hio</span> <span class='ocrx_word' id='word_1_24' title='bbox 231 581 341 652; x_wconf 79' lang='lat' dir='ltr'><strong>pulcher</strong></span> <span class='ocrx_word' id='word_1_25' title='bbox 353 581 447 636; x_wconf 83' lang='lat' dir='ltr'>vendat</span> <span class='ocrx_word' id='word_1_26' title='bbox 456 599 518 637; x_wconf 86' lang='lat' dir='ltr'>oum</span> <span class='ocrx_word' id='word_1_27' title='bbox 527 591 604 656; x_wconf 82' lang='lat' dir='ltr'>gente</span> <span class='ocrx_word' id='word_1_28' title='bbox 613 581 756 651; x_wconf 81' lang='lat' dir='ltr'>Catullum,</span> 
     </span>
     <span class='ocr_line' id='line_1_6' title="bbox 53 657 503 727; baseline -0.002 -16"><span class='ocrx_word' id='word_1_29' title='bbox 53 659 76 711; x_wconf 90' lang='lat' dir='ltr'>si</span> <span class='ocrx_word' id='word_1_30' title='bbox 89 659 137 712; x_wconf 79' lang='lat' dir='ltr'>tria</span> <span class='ocrx_word' id='word_1_31' title='bbox 151 666 273 712; x_wconf 84' lang='lat' dir='ltr'>nolorurn</span> <span class='ocrx_word' id='word_1_32' title='bbox 286 657 359 713; x_wconf 89' lang='lat' dir='ltr'>savia</span> <span class='ocrx_word' id='word_1_33' title='bbox 372 657 503 727; x_wconf 86' lang='lat' dir='ltr'>repererit.</span> 
     </span>
    </p>
   </div>
   <div class='ocr_carea' id='block_1_4' title="bbox 191 817 585 862">
    <p class='ocr_par' dir='ltr' id='par_1_5' title="bbox 191 817 585 862">
     <span class='ocr_line' id='line_1_7' title="bbox 191 817 585 862; baseline -0.005 -2"><span class='ocrx_word' id='word_1_34' title='bbox 191 818 303 862; x_wconf 79' lang='lat' dir='ltr'>LXXX.</span> <span class='ocrx_word' id='word_1_35' title='bbox 332 819 379 860; x_wconf 80' lang='grc' dir='ltr'>ΔΙ]</span> <span class='ocrx_word' id='word_1_36' title='bbox 409 817 585 862; x_wconf 74' lang='lat' dir='ltr'>GELLIUM.</span> 
     </span>
    </p>
   </div>
   <div class='ocr_carea' id='block_1_5' title="bbox 10 918 720 1512">
    <p class='ocr_par' dir='ltr' id='par_1_6' title="bbox 16 918 647 1064">
     <span class='ocr_line' id='line_1_8' title="bbox 16 918 647 998; baseline 0.002 -18"><span class='ocrx_word' id='word_1_37' title='bbox 16 918 94 993; x_wconf 75' lang='lat' dir='ltr'>Quid</span> <span class='ocrx_word' id='word_1_38' title='bbox 107 925 206 992; x_wconf 88' lang='lat' dir='ltr'>dicam,</span> <span class='ocrx_word' id='word_1_39' title='bbox 221 926 299 991; x_wconf 86' lang='lat' dir='ltr'>Gelli,</span> <span class='ocrx_word' id='word_1_40' title='bbox 314 942 396 998; x_wconf 87' lang='lat' dir='ltr'>quare</span> <span class='ocrx_word' id='word_1_41' title='bbox 408 941 481 980; x_wconf 87' lang='lat' dir='ltr'>rossa</span> <span class='ocrx_word' id='word_1_42' title='bbox 494 925 541 980; x_wconf 81' lang='lat' dir='ltr'>ista</span> <span class='ocrx_word' id='word_1_43' title='bbox 556 925 647 981; x_wconf 88' lang='lat' dir='ltr'>labella</span> 
     </span>
     <span class='ocr_line' id='line_1_9' title="bbox 53 999 480 1064; baseline 0.002 -11"><span class='ocrx_word' id='word_1_44' title='bbox 53 1001 162 1055; x_wconf 85' lang='lat' dir='ltr'>hiberna</span> <span class='ocrx_word' id='word_1_45' title='bbox 175 1000 239 1056; x_wconf 84' lang='lat' dir='ltr'>fiant</span> <span class='ocrx_word' id='word_1_46' title='bbox 250 999 399 1055; x_wconf 71' lang='lat' dir='ltr'><strong>candidiora</strong></span> <span class='ocrx_word' id='word_1_47' title='bbox 410 999 480 1064; x_wconf 82' lang='lat' dir='ltr'>nive,</span> 
     </span>
    </p>

    <p class='ocr_par' dir='ltr' id='par_1_7' title="bbox 14 1073 720 1222">
     <span class='ocr_line' id='line_1_10' title="bbox 14 1073 720 1147; baseline 0.003 -19"><span class='ocrx_word' id='word_1_48' title='bbox 14 1091 92 1128; x_wconf 89' lang='lat' dir='ltr'>mane</span> <span class='ocrx_word' id='word_1_49' title='bbox 103 1073 183 1128; x_wconf 90' lang='lat' dir='ltr'>domo</span> <span class='ocrx_word' id='word_1_50' title='bbox 194 1092 280 1146; x_wconf 89' lang='lat' dir='ltr'>quum</span> <span class='ocrx_word' id='word_1_51' title='bbox 293 1076 350 1129; x_wconf 84' lang='lat' dir='ltr'>exis</span> <span class='ocrx_word' id='word_1_52' title='bbox 358 1083 383 1128; x_wconf 84' lang='lat' dir='ltr'>et</span> <span class='ocrx_word' id='word_1_53' title='bbox 395 1090 480 1146; x_wconf 85' lang='lat' dir='ltr'>quum</span> <span class='ocrx_word' id='word_1_54' title='bbox 494 1081 518 1127; x_wconf 85' lang='lat' dir='ltr'>te</span> <span class='ocrx_word' id='word_1_55' title='bbox 530 1083 619 1130; x_wconf 81' lang='lat' dir='ltr'>octava</span> <span class='ocrx_word' id='word_1_56' title='bbox 632 1077 720 1147; x_wconf 80' lang='lat' dir='ltr'>quieto</span> 
     </span>
     <span class='ocr_line' id='line_1_11' title="bbox 51 1145 516 1222; baseline -0.006 -19"><span class='ocrx_word' id='word_1_57' title='bbox 51 1166 65 1203; x_wconf 89' lang='lat' dir='ltr'>e</span> <span class='ocrx_word' id='word_1_58' title='bbox 78 1147 152 1203; x_wconf 91' lang='lat' dir='ltr'>molli</span> <span class='ocrx_word' id='word_1_59' title='bbox 164 1148 243 1222; x_wconf 80' lang='lat' dir='ltr'>longo</span> <span class='ocrx_word' id='word_1_60' title='bbox 256 1166 302 1203; x_wconf 91' lang='lat' dir='ltr'>sus</span> <span class='ocrx_word' id='word_1_61' title='bbox 307 1150 367 1203; x_wconf 81' lang='lat' dir='ltr'>citat</span> <span class='ocrx_word' id='word_1_62' title='bbox 379 1149 442 1202; x_wconf 86' lang='lat' dir='ltr'>hora</span> <span class='ocrx_word' id='word_1_63' title='bbox 456 1145 516 1202; x_wconf 81' lang='lat' dir='ltr'>die?</span> 
     </span>
    </p>

    <p class='ocr_par' dir='ltr' id='par_1_8' title="bbox 13 1220 690 1370">
     <span class='ocr_line' id='line_1_12' title="bbox 13 1220 690 1294; baseline 0.001 -17"><span class='ocrx_word' id='word_1_64' title='bbox 13 1223 106 1277; x_wconf 85' lang='lat' dir='ltr'>Nescio</span> <span class='ocrx_word' id='word_1_65' title='bbox 119 1222 186 1294; x_wconf 88' lang='lat' dir='ltr'>quid</span> <span class='ocrx_word' id='word_1_66' title='bbox 198 1231 265 1278; x_wconf 80' lang='lat' dir='ltr'>uerte</span> <span class='ocrx_word' id='word_1_67' title='bbox 276 1231 324 1278; x_wconf 85' lang='lat' dir='ltr'>est.</span> <span class='ocrx_word' id='word_1_68' title='bbox 352 1223 393 1278; x_wconf 84' lang='lat' dir='ltr'>An</span> <span class='ocrx_word' id='word_1_69' title='bbox 407 1238 467 1277; x_wconf 89' lang='lat' dir='ltr'>vere</span> <span class='ocrx_word' id='word_1_70' title='bbox 480 1220 549 1278; x_wconf 89' lang='lat' dir='ltr'>lama</span> <span class='ocrx_word' id='word_1_71' title='bbox 561 1230 690 1288; x_wconf 86' lang='lat' dir='ltr'>susurrat,</span> 
     </span>
     <span class='ocr_line' id='line_1_13' title="bbox 48 1295 557 1370; baseline -0.004 -20"><span class='ocrx_word' id='word_1_72' title='bbox 48 1295 160 1370; x_wconf 77' lang='lat' dir='ltr'>grandia</span> <span class='ocrx_word' id='word_1_73' title='bbox 173 1306 198 1351; x_wconf 77' lang='lat' dir='ltr'>le</span> <span class='ocrx_word' id='word_1_74' title='bbox 210 1297 289 1352; x_wconf 88' lang='lat' dir='ltr'>medii</span> <span class='ocrx_word' id='word_1_75' title='bbox 303 1304 372 1352; x_wconf 78' lang='lat' dir='ltr'>tenta</span> <span class='ocrx_word' id='word_1_76' title='bbox 385 1312 475 1352; x_wconf 87' lang='lat' dir='ltr'>vorare</span> <span class='ocrx_word' id='word_1_77' title='bbox 487 1295 557 1350; x_wconf 77' lang='lat' dir='ltr'>viril</span> 
     </span>
    </p>

    <p class='ocr_par' dir='ltr' id='par_1_9' title="bbox 10 1367 597 1512">
     <span class='ocr_line' id='line_1_14' title="bbox 10 1367 597 1442; baseline 0 -18"><span class='ocrx_word' id='word_1_78' title='bbox 10 1370 56 1425; x_wconf 89' lang='lat' dir='ltr'>Sie</span> <span class='ocrx_word' id='word_1_79' title='bbox 68 1379 148 1427; x_wconf 86' lang='lat' dir='ltr'>oerte:</span> <span class='ocrx_word' id='word_1_80' title='bbox 163 1371 276 1426; x_wconf 86' lang='lat' dir='ltr'>clamant</span> <span class='ocrx_word' id='word_1_81' title='bbox 288 1371 399 1427; x_wconf 75' lang='lat' dir='ltr'>Victoris</span> <span class='ocrx_word' id='word_1_82' title='bbox 412 1378 488 1442; x_wconf 87' lang='lat' dir='ltr'>rupta</span> <span class='ocrx_word' id='word_1_83' title='bbox 501 1367 597 1424; x_wconf 83' lang='lat' dir='ltr'>miselli</span> 
     </span>
     <span class='ocr_line' id='line_1_15' title="bbox 51 1445 524 1512; baseline -0.004 -13"><span class='ocrx_word' id='word_1_84' title='bbox 51 1445 105 1512; x_wconf 89' lang='lat' dir='ltr'>ilia,</span> <span class='ocrx_word' id='word_1_85' title='bbox 121 1453 146 1500; x_wconf 88' lang='lat' dir='ltr'>et</span> <span class='ocrx_word' id='word_1_86' title='bbox 158 1445 260 1500; x_wconf 80' lang='lat' dir='ltr'>enrrrlso</span> <span class='ocrx_word' id='word_1_87' title='bbox 273 1445 345 1501; x_wconf 88' lang='lat' dir='ltr'>labra</span> <span class='ocrx_word' id='word_1_88' title='bbox 359 1451 445 1500; x_wconf 70' lang='lat' dir='ltr'>noula</span> <span class='ocrx_word' id='word_1_89' title='bbox 457 1461 524 1500; x_wconf 88' lang='lat' dir='ltr'>sero.</span> 
     </span>
    </p>
   </div>
   <div class='ocr_carea' id='block_1_6' title="bbox 153 1609 613 1658">
    <p class='ocr_par' dir='ltr' id='par_1_10' title="bbox 153 1609 613 1658">
     <span class='ocr_line' id='line_1_16' title="bbox 153 1609 613 1658; baseline 0.004 -4"><span class='ocrx_word' id='word_1_90' title='bbox 153 1611 281 1656; x_wconf 86' lang='lat' dir='ltr'>LXXXI.</span> <span class='ocrx_word' id='word_1_91' title='bbox 312 1613 358 1657; x_wconf 84' lang='grc' dir='ltr'>ΔΒ</span> <span class='ocrx_word' id='word_1_92' title='bbox 389 1609 613 1658; x_wconf 79' lang='lat' dir='ltr'>IUVENTIUM.</span> 
     </span>
    </p>
   </div>
   <div class='ocr_carea' id='block_1_7' title="bbox 10 1697 672 1852">
    <p class='ocr_par' dir='ltr' id='par_1_11' title="bbox 10 1697 672 1852">
     <span class='ocr_line' id='line_1_17' title="bbox 10 1697 672 1776; baseline 0.002 -16"><span class='ocrx_word' id='word_1_93' title='bbox 10 1697 134 1760; x_wconf 83' lang='lat' dir='ltr'>Nemone</span> <span class='ocrx_word' id='word_1_94' title='bbox 147 1704 175 1759; x_wconf 89' lang='lat' dir='ltr'>in</span> <span class='ocrx_word' id='word_1_95' title='bbox 190 1711 259 1760; x_wconf 82' lang='lat' dir='ltr'>lanto</span> <span class='ocrx_word' id='word_1_96' title='bbox 271 1705 357 1776; x_wconf 83' lang='lat' dir='ltr'>potuit</span> <span class='ocrx_word' id='word_1_97' title='bbox 369 1703 467 1775; x_wconf 90' lang='lat' dir='ltr'>populo</span> <span class='ocrx_word' id='word_1_98' title='bbox 478 1721 543 1769; x_wconf 86' lang='lat' dir='ltr'>esse,</span> <span class='ocrx_word' id='word_1_99' title='bbox 559 1705 672 1770; x_wconf 86' lang='lat' dir='ltr'>luvenli,</span> 
     </span>
     <span class='ocr_line' id='line_1_18' title="bbox 46 1777 646 1852; baseline 0.002 -19"><span class='ocrx_word' id='word_1_100' title='bbox 46 1778 134 1834; x_wconf 90' lang='lat' dir='ltr'>bellus</span> <span class='ocrx_word' id='word_1_101' title='bbox 151 1779 239 1844; x_wconf 89' lang='lat' dir='ltr'>homo,</span> <span class='ocrx_word' id='word_1_102' title='bbox 255 1795 335 1852; x_wconf 89' lang='lat' dir='ltr'>quem</span> <span class='ocrx_word' id='word_1_103' title='bbox 347 1786 376 1833; x_wconf 89' lang='lat' dir='ltr'>tu</span> <span class='ocrx_word' id='word_1_104' title='bbox 389 1777 499 1851; x_wconf 79' lang='lat' dir='ltr'>diligere</span> <span class='ocrx_word' id='word_1_105' title='bbox 510 1779 646 1852; x_wconf 81' lang='lat' dir='ltr'>inciperes,</span> 
     </span>
    </p>
   </div>
   <div class='ocr_carea' id='block_1_8' title="bbox 8 1852 808 2148">
    <p class='ocr_par' dir='ltr' id='par_1_12' title="bbox 8 1852 711 2000">
     <span class='ocr_line' id='line_1_19' title="bbox 8 1852 711 1928; baseline 0 -20"><span class='ocrx_word' id='word_1_106' title='bbox 8 1862 193 1928; x_wconf 71' lang='lat' dir='ltr'>praeterquam</span> <span class='ocrx_word' id='word_1_107' title='bbox 206 1854 255 1907; x_wconf 88' lang='lat' dir='ltr'>iste</span> <span class='ocrx_word' id='word_1_108' title='bbox 264 1861 327 1908; x_wconf 75' lang='lat' dir='ltr'>tuus</span> <span class='ocrx_word' id='word_1_109' title='bbox 339 1852 498 1909; x_wconf 87' lang='lat' dir='ltr'>moribunda</span> <span class='ocrx_word' id='word_1_110' title='bbox 508 1871 523 1908; x_wconf 92' lang='lat' dir='ltr'>a</span> <span class='ocrx_word' id='word_1_111' title='bbox 535 1853 597 1909; x_wconf 87' lang='lat' dir='ltr'>sede</span> <span class='ocrx_word' id='word_1_112' title='bbox 609 1856 711 1909; x_wconf 87' lang='lat' dir='ltr'>Pisauri</span> 
     </span>
     <span class='ocr_line' id='line_1_20' title="bbox 44 1927 525 2000; baseline 0.002 -18"><span class='ocrx_word' id='word_1_113' title='bbox 44 1929 152 2000; x_wconf 85' lang='lat' dir='ltr'>hospes,</span> <span class='ocrx_word' id='word_1_114' title='bbox 167 1929 285 1982; x_wconf 85' lang='lat' dir='ltr'>inaurata</span> <span class='ocrx_word' id='word_1_115' title='bbox 295 1927 418 1999; x_wconf 86' lang='lat' dir='ltr'>pallidior</span> <span class='ocrx_word' id='word_1_116' title='bbox 432 1935 525 1993; x_wconf 80' lang='lat' dir='ltr'>statua,</span> 
     </span>
    </p>

    <p class='ocr_par' dir='ltr' id='par_1_13' title="bbox 8 2002 808 2148">
     <span class='ocr_line' id='line_1_21' title="bbox 8 2002 808 2074; baseline 0.003 -18"><span class='ocrx_word' id='word_1_117' title='bbox 8 2003 54 2072; x_wconf 85' lang='lat' dir='ltr'>qui</span> <span class='ocrx_word' id='word_1_118' title='bbox 68 2003 119 2057; x_wconf 80' lang='lat' dir='ltr'>tibi</span> <span class='ocrx_word' id='word_1_119' title='bbox 132 2019 204 2056; x_wconf 87' lang='lat' dir='ltr'>nuno</span> <span class='ocrx_word' id='word_1_120' title='bbox 216 2002 287 2057; x_wconf 89' lang='lat' dir='ltr'>oordi</span> <span class='ocrx_word' id='word_1_121' title='bbox 300 2010 347 2066; x_wconf 78' lang='lat' dir='ltr'>est,</span> <span class='ocrx_word' id='word_1_122' title='bbox 362 2018 442 2074; x_wconf 85' lang='lat' dir='ltr'>quern</span> <span class='ocrx_word' id='word_1_123' title='bbox 452 2009 481 2057; x_wconf 87' lang='lat' dir='ltr'>tu</span> <span class='ocrx_word' id='word_1_124' title='bbox 490 2019 648 2074; x_wconf 87' lang='lat' dir='ltr'>praeponere</span> <span class='ocrx_word' id='word_1_125' title='bbox 661 2003 738 2059; x_wconf 90' lang='lat' dir='ltr'>nobis</span> <span class='ocrx_word' id='word_1_126' title='bbox 796 2017 808 2058; x_wconf 79' lang='lat' dir='ltr'>s</span> 
     </span>
     <span class='ocr_line' id='line_1_22' title="bbox 43 2075 605 2148; baseline 0.005 -19"><span class='ocrx_word' id='word_1_127' title='bbox 43 2075 146 2132; x_wconf 85' lang='lat' dir='ltr'>audes‘l</span> <span class='ocrx_word' id='word_1_128' title='bbox 157 2075 199 2132; x_wconf 77' lang='lat' dir='ltr'>Ah</span> <span class='ocrx_word' id='word_1_129' title='bbox 210 2077 304 2140; x_wconf 80' lang='lat' dir='ltr'>neseis,</span> <span class='ocrx_word' id='word_1_130' title='bbox 318 2075 391 2148; x_wconf 88' lang='lat' dir='ltr'>quod</span> <span class='ocrx_word' id='word_1_131' title='bbox 400 2075 502 2132; x_wconf 88' lang='lat' dir='ltr'>lacinus</span> <span class='ocrx_word' id='word_1_132' title='bbox 515 2076 605 2134; x_wconf 85' lang='lat' dir='ltr'>facias.</span> 
     </span>
    </p>
   </div>
   <div class='ocr_carea' id='block_1_9' title="bbox 156 2231 611 2283">
    <p class='ocr_par' dir='ltr' id='par_1_14' title="bbox 156 2231 611 2283">
     <span class='ocr_line' id='line_1_23' title="bbox 156 2231 611 2283; baseline 0.004 -9"><span class='ocrx_word' id='word_1_133' title='bbox 156 2231 303 2275; x_wconf 78' lang='lat' dir='ltr'>LXXXII.</span> <span class='ocrx_word' id='word_1_134' title='bbox 333 2233 380 2275; x_wconf 85' lang='grc' dir='ltr'>ΔΙ)</span> <span class='ocrx_word' id='word_1_135' title='bbox 410 2231 611 2283; x_wconf 74' lang='lat' dir='ltr'>ouluuluru.</span> 
     </span>
    </p>
   </div>
   <div class='ocr_carea' id='block_1_10' title="bbox 8 2328 636 2634">
    <p class='ocr_par' dir='ltr' id='par_1_15' title="bbox 8 2328 636 2634">
     <span class='ocr_line' id='line_1_24' title="bbox 8 2328 636 2406; baseline 0 -12"><span class='ocrx_word' id='word_1_136' title='bbox 8 2328 118 2406; x_wconf 76' lang='lat' dir='ltr'>Quinti,</span> <span class='ocrx_word' id='word_1_137' title='bbox 132 2339 157 2394; x_wconf 89' lang='lat' dir='ltr'>si</span> <span class='ocrx_word' id='word_1_138' title='bbox 169 2339 219 2395; x_wconf 90' lang='lat' dir='ltr'>tihi</span> <span class='ocrx_word' id='word_1_139' title='bbox 231 2339 274 2394; x_wconf 80' lang='lat' dir='ltr'>via</span> <span class='ocrx_word' id='word_1_140' title='bbox 285 2339 374 2394; x_wconf 79' lang='lat' dir='ltr'>oorrlos</span> <span class='ocrx_word' id='word_1_141' title='bbox 386 2339 480 2394; x_wconf 88' lang='lat' dir='ltr'>debere</span> <span class='ocrx_word' id='word_1_142' title='bbox 492 2339 636 2406; x_wconf 87' lang='lat' dir='ltr'>Catullum,</span> 
     </span>
     <span class='ocr_line' id='line_1_25' title="bbox 40 2413 557 2486; baseline -0.002 -17"><span class='ocrx_word' id='word_1_143' title='bbox 40 2422 88 2470; x_wconf 90' lang='lat' dir='ltr'>aut</span> <span class='ocrx_word' id='word_1_144' title='bbox 101 2413 185 2480; x_wconf 84' lang='lat' dir='ltr'>aliud,</span> <span class='ocrx_word' id='word_1_145' title='bbox 200 2413 300 2486; x_wconf 90' lang='lat' dir='ltr'>siquid</span> <span class='ocrx_word' id='word_1_146' title='bbox 312 2415 399 2469; x_wconf 89' lang='lat' dir='ltr'>oarius</span> <span class='ocrx_word' id='word_1_147' title='bbox 411 2423 449 2469; x_wconf 77' lang='lat' dir='ltr'>est</span> <span class='ocrx_word' id='word_1_148' title='bbox 461 2413 557 2478; x_wconf 74' lang='lat' dir='ltr'>oeulis,</span> 
     </span>
     <span class='ocr_line' id='line_1_26' title="bbox 8 2487 550 2560; baseline 0 -18"><span class='ocrx_word' id='word_1_149' title='bbox 8 2489 104 2560; x_wconf 67' lang='lat' dir='ltr'>eripere</span> <span class='ocrx_word' id='word_1_150' title='bbox 116 2490 141 2544; x_wconf 92' lang='lat' dir='ltr'>ei</span> <span class='ocrx_word' id='word_1_151' title='bbox 152 2487 216 2553; x_wconf 88' lang='lat' dir='ltr'>noli,</span> <span class='ocrx_word' id='word_1_152' title='bbox 231 2487 315 2543; x_wconf 84' lang='lat' dir='ltr'>mullo</span> <span class='ocrx_word' id='word_1_153' title='bbox 327 2488 399 2560; x_wconf 87' lang='lat' dir='ltr'>quod</span> <span class='ocrx_word' id='word_1_154' title='bbox 411 2488 498 2544; x_wconf 84' lang='lat' dir='ltr'>carius</span> <span class='ocrx_word' id='word_1_155' title='bbox 510 2487 550 2542; x_wconf 91' lang='lat' dir='ltr'>illi</span> 
     </span>
     <span class='ocr_line' id='line_1_27' title="bbox 39 2561 558 2634; baseline 0 -16"><span class='ocrx_word' id='word_1_156' title='bbox 39 2573 80 2619; x_wconf 81' lang='lat' dir='ltr'>est</span> <span class='ocrx_word' id='word_1_157' title='bbox 91 2563 187 2630; x_wconf 81' lang='lat' dir='ltr'>oeulis,</span> <span class='ocrx_word' id='word_1_158' title='bbox 202 2563 226 2617; x_wconf 86' lang='lat' dir='ltr'>si</span> <span class='ocrx_word' id='word_1_159' title='bbox 239 2562 306 2634; x_wconf 88' lang='lat' dir='ltr'>quid</span> <span class='ocrx_word' id='word_1_160' title='bbox 318 2563 405 2618; x_wconf 86' lang='lat' dir='ltr'>carius</span> <span class='ocrx_word' id='word_1_161' title='bbox 414 2570 454 2618; x_wconf 81' lang='lat' dir='ltr'>est</span> <span class='ocrx_word' id='word_1_162' title='bbox 464 2561 558 2618; x_wconf 80' lang='lat' dir='ltr'>oeulis.</span> 
     </span>
    </p>
   </div>
   <div class='ocr_carea' id='block_1_11' title="bbox 0 0 1014 3036">
    <p class='ocr_par' dir='ltr' id='par_1_16' title="bbox 0 0 1014 3036">
     <span class='ocr_line' id='line_1_28' title="bbox 0 0 1014 3036; baseline 0 3"><span class='ocrx_word' id='word_1_163' title='bbox 0 0 1014 3036; x_wconf 95' lang='lat' dir='ltr'> </span> 
     </span>
    </p>
   </div>
  </div>
 </body>
</html>
