2030 3040
298 102 369 157 LlB.
391 103 428 157 li.
458 103 572 158 ELEG.
593 105 625 160 V.
790 109 837 159 183

125 209 236 264 vellicet.
278 209 650 266 Hauseroilebisamatadiut

84 287 167 341 Nunc
176 297 215 338 ost
224 286 263 338 ira
274 301 372 350 raeens,
386 302 459 340 nunc
468 292 507 340 est
516 285 649 341 discedere
658 294 775 359 tempus:

125 361 150 414 si
159 359 232 415 dolor
242 357 344 424 afuerit,
356 359 441 424 crede,
455 359 552 414 redibit
560 376 643 414 amor.

14 481 15 486 ,
86 437 148 490 Non
157 434 193 488 ita
202 433 357 505 Carpathiae
367 433 471 489 variant
479 433 659 506 Aquilonibus
668 434 764 499 undae,

126 525 175 564 nec
183 507 266 563 dubio
277 509 362 562 nubes
372 509 483 563 vertitur
492 516 546 563 atra
557 509 632 573 Noto,

86 599 171 655 quam
181 581 256 637 facile
266 582 324 637 irati
335 582 417 637 verbo
426 589 562 637 mutantur
572 590 698 638 amantes.

124 655 195 712 Dum
205 656 273 722 licet,
285 657 384 712 iniusto
394 656 520 712 subtrahe
529 655 595 712 colla
606 657 678 730 iugc.

87 733 143 788 Nec
152 739 181 787 tu
192 749 244 786 non
255 730 369 803 aliquid,
379 731 427 786 sed
435 731 522 803 prima
532 739 606 786 nocte
615 731 730 787 dolebis:

125 823 205 863 omne
216 808 243 860 in
251 823 339 861 amore
347 804 458 871 malum,
469 807 493 860 si
502 806 609 878 patiare,
622 805 679 862 leve
688 814 736 862 est.

7 908 8 922 ,
87 881 122 936 tt
133 889 171 946 tu,
183 898 230 952 per
240 880 362 936 dominae
371 881 480 936 Iunonis
489 879 578 936 dulcia
586 881 653 947 iura,

125 972 203 1027 parce
213 955 265 1010 tuis
273 955 378 1020 animis,
391 956 453 1022 vita,
466 973 558 1012 nocere
567 955 626 1010 tibi.

88 1031 148 1085 Non
158 1029 245 1085 solum
256 1037 347 1085 taurus
356 1028 416 1085 ierit
425 1031 501 1086 uncis
511 1030 637 1086 domibus
647 1031 757 1094 hostem,

125 1105 308 1161 verumetiam
319 1104 426 1160 instanti
436 1104 504 1161 laesa
515 1114 645 1179 repugnet
653 1106 721 1161 ovis.

87 1181 142 1236 Nec
153 1180 202 1234 tibi
211 1180 317 1250 periuro
326 1178 446 1233 scindam
455 1179 488 1233 de
497 1196 604 1250 corpore
614 1190 721 1244 vestem,

125 1271 173 1309 nec
183 1270 240 1307 mea
251 1251 400 1324 praeclusas
410 1250 515 1324 fregerit
524 1253 563 1307 ira
572 1252 654 1308 iores:

89 1345 137 1383 nec
147 1328 195 1382 tibi
205 1342 337 1380 connexos
347 1326 430 1379 iratus
439 1341 544 1396 carpere
552 1327 647 1389 crines,

42 1448 45 1454 .
124 1418 173 1457 neo
181 1400 256 1456 duris
267 1399 354 1454 ausim
364 1398 465 1453 laedere
474 1397 625 1471 pollicibus.

86 1477 210 1532 Rusticus
220 1474 285 1529 haec
294 1473 391 1546 aliquis
403 1480 456 1528 tam
467 1473 554 1545 turpia
562 1472 661 1545 proclia
671 1482 787 1545 quaerat,

123 1553 200 1605 cuins
210 1567 264 1605 non
273 1548 383 1604 hederae
392 1549 518 1604 circuiere
527 1555 615 1620 caput.

86 1625 206 1679 Scribam
216 1625 307 1697 igitur,
320 1623 393 1695 quod
402 1641 455 1678 non
466 1640 588 1695 unquam
598 1630 642 1677 tua
652 1621 735 1676 deleat
745 1631 823 1686 aetas,

102 1709 105 1714 “
125 1699 235 1752 Crnrnrs
247 1713 329 1752 sonna
342 1715 437 1762 nonnus,
455 1697 564 1752 Cruenta
577 1714 657 1752 vsann
668 1715 747 1751 nnus.

87 1771 169 1828 Crede
178 1770 255 1835 mihi,
268 1771 392 1842 quamvis
401 1779 553 1827 contemnas
561 1788 700 1826 murmura
710 1769 802 1834 famae,

125 1847 169 1901 hic
177 1846 225 1901 tibi
236 1844 339 1918 pallori,
352 1845 474 1920 Cynthia,
487 1863 580 1902 versus
590 1846 649 1900 erit.

348 1975 510 2019 uenata
538 1975 568 2018 V.

86 2057 151 2124 Non
160 2068 194 2122 ita
205 2066 370 2139 complebant
380 2065 517 2142 Ephyreae
526 2065 622 2122 Laidos
632 2066 717 2130 aedes,

123 2141 242 2196 adonius
252 2141 332 2196 iacuit
342 2141 450 2196 Graecia
460 2149 510 2197 tota
519 2140 600 2196 iores:

86 2215 162 2270 turba
172 2215 345 2271 Menandreae
353 2214 438 2269 iuerat
447 2232 496 2268 nec
506 2215 620 2269 Thaidos
630 2213 694 2268 olim

123 2295 203 2353 tanta,
216 2290 244 2344 in
254 2306 308 2360 qua
317 2287 432 2360 populus
443 2288 506 2342 lusit
514 2286 715 2342 Erichthonius:

87 2381 135 2420 nec
145 2380 214 2436 quae
223 2362 320 2418 deletas
329 2362 414 2434 pctuit
424 2378 578 2434 componere
587 2361 690 2416 Thebas

122 2439 237 2512 Phryne,
250 2445 304 2494 tam
313 2436 405 2492 multis
415 2433 482 2491 facta
492 2437 567 2492 beata
576 2435 653 2490 viris.

86 2513 155 2580 Quin
168 2513 247 2568 etiam
257 2511 336 2568 ialsos
347 2511 427 2588 fingis
437 2511 486 2566 tibi
496 2528 572 2582 saepe
580 2510 754 2583 propinquos,

122 2586 212 2645 oscula
222 2604 271 2646 neo
280 2587 376 2644 desunt
385 2587 431 2660 qui
443 2586 492 2642 tibi
504 2585 560 2642 iure
570 2584 666 2641 ienrnt.

866 374 891 414 10

867 744 892 786 tt

865 1117 892 1158 20

865 1486 891 1527 25

863 1857 890 1898 30

875 2376 887 2418 5
