2030 3040
270 157 343 211 LIB.
364 158 402 212 11.
430 159 546 214 ELEG.
566 161 615 216 IV.
765 165 813 216 ill)

62 267 98 324 Et
106 271 146 330 tu¹
158 265 257 320 Bacche
267 272 348 331 tener,
360 265 490 322 iucundas
499 266 613 320 consitor
624 285 700 334 uvae,

102 347 134 394 tu
144 356 252 411 quoque
262 339 377 406 devotos,
388 341 496 406 Bacche,
508 339 628 413 relinque
638 340 721 396 lacus.

63 413 144 470 Haud
153 413 263 484 impune
272 412 331 469 licet
339 413 466 469 formosas
475 415 595 469 tristibus
605 416 676 488 agris
858 475 864 482 ,

103 487 213 556 abdere;
235 505 288 543 non
298 488 364 543 tanti
374 495 438 542 sunt
447 495 490 544 tua
499 495 595 554 musta,
607 497 690 560 pater.
842 502 868 544 tc

64 561 88 617 0
98 560 204 618 valeant
213 561 312 635 fruges,
324 579 357 616 ne
366 563 420 617 sint
429 561 507 617 medo
516 580 577 616 rure
585 562 700 635 puella03

103 635 183 710 glans
192 634 252 702 alat,
264 643 290 690 et
296 636 383 707 prisco
392 653 464 692 more
473 637 599 691 bibantur
608 654 702 709 aquae.

65 709 152 765 Glans
162 709 228 764 aluit
237 717 344 775 veteres,
356 717 381 764 et
390 712 490 782 passim
500 728 604 782 semper
613 718 744 767 amarunt.

105 783 178 851 Quid
187 785 277 840 nocuit
285 783 372 838 sulcos
382 802 436 841 non
444 785 570 840 habuisse
579 785 667 840 satos?

66 859 147 922 Tum,
160 859 260 930 quibus
268 857 418 929 adspirabat
427 860 517 924 Amor,
529 860 669 930 praebebat
680 867 768 933 aperte
842 872 867 914 tt

106 933 179 987 mitis
188 933 217 986 in
227 932 352 988 umbrosa
360 933 458 1007 gaudia
468 933 536 990 valle
545 935 645 991 Venus.

67 1006 166 1061 Nullus
175 1014 229 1062 erat
239 1013 335 1072 custos,
348 1007 422 1062 nulla
431 1007 570 1063 exclusura
579 1007 695 1064 dolantes

104 1081 195 1136 ianua.
233 1079 311 1137 Silas
321 1089 368 1147 est,
381 1099 447 1148 mcc,
459 1099 558 1154 precor,
569 1081 614 1138 ille
622 1083 689 1139 redi.

105 1229 211 1285 horrida
220 1227 314 1285 villosa
323 1246 430 1300 corpora
439 1237 511 1286 ueste
519 1237 618 1304 tegant.

68 1305 147 1358 Nunc
155 1305 178 1358 si
188 1303 276 1358 clausa
286 1321 344 1358 mea
354 1312 401 1370 ast,
413 1305 436 1358 si
446 1305 520 1375 copia
533 1322 592 1358 rara
603 1303 719 1370 videndi,

105 1378 159 1433 heu
168 1378 305 1444 miserum,
317 1377 405 1434 laxam
417 1378 484 1450 quid
494 1379 567 1433 iuvat
576 1395 633 1432 esse
642 1378 748 1450 tegam?

69 1452 172 1507 Ducite:
193 1451 228 1506 ad
237 1453 379 1524 imperium
388 1452 511 1508 dominae
519 1452 682 1508 sulcabimus
692 1470 781 1527 agres3

107 1544 160 1583 nou
170 1543 218 1602 ego
228 1544 270 1583 ma
281 1526 375 1582 vinclis
384 1528 592 1600 verberibusque
602 1543 679 1602 nego.

321 1655 482 1700 ELEGIA
508 1655 555 1699 Ν.

69 1738 126 1801 Hic
135 1745 203 1800 mihi
212 1747 351 1802 servitium
360 1746 436 1802 video
444 1746 633 1818 dominamque
641 1754 769 1819 paratam

106 1822 162 1875 lem
170 1821 246 1886 mihi,
259 1821 364 1876 libertas
374 1821 420 1876 illa
428 1829 545 1893 paterna,
557 1820 625 1877 vale.

69 1893 211 1950 Servitium
222 1895 269 1950 aed
277 1897 351 1950 triste
360 1895 445 1962 datur,
457 1904 599 1968 teneorque
607 1895 714 1962 catenis,

106 1976 131 2023 at
140 1987 280 2041 nunquam
289 1971 386 2026 misuc
395 1970 481 2026 vincla
491 1972 599 2026 remittit
606 1971 701 2038 limen

68 2050 102 2108 et,
113 2060 159 2098 sau
168 2044 235 2116 quid
245 2045 339 2111 merui,
350 2046 474 2118 seuquid
483 2045 660 2117 peccavimus,
672 2045 740 2113 urit;
855 2057 866 2098 5

107 2135 176 2183 uror,
188 2118 222 2184 io,
235 2137 348 2184 remove,
360 2137 437 2175 saeva
447 2119 544 2191 puella,
556 2119 635 2175 laces.

69 2191 91 2248 0
101 2209 148 2266 ego
157 2210 191 2246 ne
199 2194 300 2264 possim
308 2193 372 2249 tales
382 2195 478 2248 sentire
487 2193 598 2259 dolores,

105 2283 187 2339 quam
195 2267 302 2322 mallem
313 2267 341 2322 in
351 2267 446 2342 gelidis
456 2269 591 2323 montibus
601 2282 658 2321 esse
667 2264 743 2337 lapis,

69 2349 135 2396 stare
144 2341 186 2397 vel
197 2342 299 2398 insanis
306 2350 395 2397 cautes
404 2342 519 2398 obnoxia
527 2342 622 2406 ventis,

106 2414 231 2490 naufraga
240 2417 400 2489 quamvesti
410 2415 529 2470 tunderet
539 2416 611 2470 unda
621 2413 715 2468 marisl
841 2423 866 2465 tc

69 2491 145 2546 Nunc
153 2497 178 2545 et
188 2507 276 2545 amara
286 2491 352 2557 dies,
364 2498 389 2545 et
399 2491 482 2545 noctis
492 2491 605 2545 amarior
615 2488 710 2544 umbra
719 2495 774 2557 est,

104 2565 192 2620 omnia
202 2564 256 2620 iam
265 2566 333 2620 tristi
342 2573 458 2636 tempora
467 2563 527 2618 felle
536 2564 652 2619 madent.

69 2640 121 2695 Neo
129 2646 240 2713 prosunt
248 2638 325 2716 elegi,
336 2655 386 2696 nec
392 2639 517 2694 carminis
526 2646 615 2694 auctor
623 2633 728 2710 Apollo.
