2030 3036
148 195 182 234 vt

146 315 177 350 se
191 293 360 352 Callimachi
373 299 516 353 aemulum
533 305 577 352 est
593 297 748 370 professus.
791 297 942 373 Elegantia

146 395 282 450 dictionis
295 395 483 472 doctrinaque
496 397 605 451 nemini
620 395 703 452 cedit.
745 395 839 452 Carum
852 417 880 454 sa
892 416 942 453 au-

145 503 203 550 tem
217 495 278 550 eius
292 496 322 549 in
331 492 386 550 hoc
395 496 573 571 singularem
583 504 701 569 experta
710 504 776 551 sunt
789 495 942 567 fortunam,

146 593 221 668 quod
235 593 360 664 codices,
375 595 424 669 qui
438 602 548 664 extant,
567 611 603 648 ex
617 611 674 649 uuo
687 594 760 649 libro
773 591 898 664 fluxere,
911 595 942 648 in

145 710 228 767 quem
242 694 375 766 primitus
389 711 425 747 ex
439 694 534 747 lacero
547 692 632 748 valde
645 694 775 766 maleque
786 693 941 767 composito

145 793 303 867 exemplari
320 792 509 864 transscripta
526 809 589 846 esse
603 790 744 846 videntur.
787 788 865 846 Hinc
883 794 941 846 sin-

49 901 58 910 ·
145 892 230 966 gulae
243 892 401 966 particulae
415 893 445 945 in
458 892 544 964 mptis
562 908 646 964 saepe
658 889 742 945 vaide
755 890 856 944 alienis
871 891 943 946 locis

144 993 295 1066 leguntur3
317 1008 390 1066 quae
407 990 509 1045 turbae
526 991 623 1044 statim
641 1006 659 1043 a
681 987 806 1044 secunda
830 988 895 1043 libri
915 987 941 1044 ll

145 1091 238 1166 elegia
247 1090 399 1146 ordiuntur
407 1097 435 1143 et
443 1107 495 1163 per
504 1087 608 1144 librum
618 1089 703 1143 etiam
711 1085 752 1142 lli
764 1089 941 1164 pertingunt.

144 1187 203 1245 Eas
221 1191 291 1245 olim
303 1187 358 1244 Ios.
373 1186 507 1264 Scaliger
526 1205 695 1261 componere
714 1197 758 1242 est
776 1205 941 1263 aggressus,

145 1290 227 1345 cuius
243 1287 311 1344 inde
327 1286 470 1343 ordinatio
489 1287 616 1342 amultis
635 1286 768 1360 deinceps
785 1285 942 1342 editoribus

144 1396 188 1442 est
201 1396 332 1462 recepta3
347 1405 465 1463 eamque
473 1395 503 1442 et
511 1404 563 1442 nos
578 1385 625 1441 hie
634 1404 669 1440 cx
679 1386 802 1460 pristina
816 1385 943 1441 editione

143 1485 323 1543 retinendam
345 1487 523 1554 censuimus,
546 1487 670 1539 lectione
688 1494 784 1540 tamen
803 1502 840 1538 ex
859 1503 942 1558 prae-

143 1586 280 1642 stantium
296 1584 425 1641 codicum
440 1584 628 1652 auctoritate,
647 1585 723 1638 sicut
740 1593 770 1638 et
782 1585 814 1638 in
828 1581 942 1640 Catullo

144 1683 327 1759 Tibulloque‚
340 1685 499 1740 innumeris
511 1684 583 1738 loeis
597 1681 695 1740 sedulo
714 1680 870 1737 emendata.

204 1784 299 1859 Atque
316 1784 357 1838 ita
375 1784 605 1860 elegantissimos
617 1781 670 1839 hos
689 1791 804 1857 poetas,
824 1781 943 1858 elegan-

142 1887 212 1940 tiori
224 1885 283 1938 iam
297 1899 315 1938 a
328 1884 506 1959 typographo
519 1882 726 1939 humanissima
740 1886 843 1936 ornatu
857 1878 944 1936 indu-

142 1994 202 2053 tos,
222 1981 378 2038 lectoribus
397 1982 535 2038 bonarum
553 1983 659 2038 artium
676 1977 837 2037 amantibus
856 1997 945 2052 quam

141 2085 267 2138 maxime
282 2082 493 2138 commendatos
507 2101 569 2138 esse
583 2083 721 2155 cupimus.

203 2246 240 2304 D.
258 2245 373 2323 Lipsiae
389 2267 426 2302 m.
445 2244 515 2302 Dec.
530 2265 555 2302 a.
571 2241 663 2300 XLll.

567 2429 603 2496 0.
630 2427 680 2498 H.
712 2425 864 2496 Wec‘ce.
