2028 3034
252 215 461 273 Clnlllnoll
481 219 607 272 LIBER.
771 222 797 270 8l

93 333 261 382 etmulumn
296 325 420 398 uinquam
431 325 576 398 alloquerer
586 327 709 389 cinerem,

55 398 274 473 quandoquidem
293 407 385 453 orluna
397 401 461 453 mihi
475 408 524 453 lete
533 399 640 453 abstulit
650 400 747 470 ipsum,
846 411 857 452 5

94 475 147 529 lieu
158 473 239 528 miser
247 473 356 546 indigne
366 473 443 528 lraler
452 473 553 528 adcmte
563 473 639 526 milri.

56 552 135 603 Nunc
143 557 231 602 tamen
242 548 347 612 interea,
359 547 445 618 prisoo
455 565 523 619 quae
533 564 604 601 more
612 555 750 616 parentam

94 622 188 677 tradita
198 629 261 676 sunt
270 623 354 675 tristes
366 637 473 676 munera
485 620 644 684 adimemus,

57 698 145 768 aocipe
154 695 265 750 fraterno
274 694 388 750 multum
400 696 531 750 manantia
541 694 612 758 lletu,

95 780 174 842 atque
185 769 209 824 in
222 777 387 840 perpetuum,
400 768 485 834 irater,
499 771 565 824 have
575 779 653 841 alque
664 768 730 822 vale.
834 780 858 821 lo

246 913 287 956 (ΙΙ.
318 915 363 956 ΑΙ)
390 913 614 956 conNELnJrn.

61 997 91 1059 Sr
103 1005 248 1077 quicquam
258 1005 334 1058 incito
343 1005 513 1059 commissum
523 1011 562 1059 est
571 1005 623 1060 fido
633 1005 666 1059 ab
676 1006 769 1070 amico,

95 1079 193 1151 quoius
203 1079 237 1132 sit
246 1079 352 1150 penitus
362 1087 421 1133 nota
432 1078 496 1133 fides
507 1080 588 1134 animi
599 1101 604 1133 :

61 1170 102 1206 rna
111 1170 194 1225 acque
203 1169 260 1207 eom
269 1153 388 1208 invenies
398 1152 504 1208 illorum
515 1154 571 1208 iure
580 1161 720 1217 sacratum,

96 1226 209 1290 Corneli,
221 1235 245 1281 et
255 1225 351 1282 lactum
362 1245 404 1281 me
414 1245 470 1282 asse
480 1236 541 1299 puta
552 1227 745 1299 Harpocratem.

267 1355 325 1398 cll.
354 1355 401 1398 An
426 1354 595 1398 SILONEM.

62 1438 119 1501 Aut
128 1444 204 1500 sodes
214 1446 281 1500 mihi
290 1445 369 1500 redde
378 1446 467 1501 decem
477 1446 601 1511 sestertia,
614 1444 678 1509 Silo,

96 1520 192 1575 deinde
200 1527 255 1574 esto
263 1521 388 1592 quamvis
396 1537 491 1575 saevus
501 1528 526 1574 et
536 1520 693 1574 indomitus:

60 1603 113 1659 aut,
127 1594 150 1649 si
160 1602 185 1649 le
194 1594 298 1649 nummi
307 1593 441 1659 delectant,
452 1595 543 1650 desine
554 1611 655 1667 quaeso

98 1668 157 1723 leno
167 1685 232 1732 esse,
244 1676 322 1740 alque
333 1668 401 1722 idem
411 1685 505 1724 saevus
515 1676 540 1724 et
550 1669 704 1724 indomitus.

136 1795 210 1839 Clll.
236 1795 281 1838 al)
307 1795 487 1844 QUENDAM
514 1796 558 1837 ΗΕ
585 1795 723 1838 nasnla.

62 1877 168 1950 CrediS,
179 1904 222 1940 me
234 1886 350 1958 potuisse
360 1904 433 1940 meae
442 1885 594 1941 maledicere
603 1886 679 1947 vitae,

97 1959 228 2014 ambobus
237 1960 381 2031 mihiquae
389 1961 472 2016 carior
481 1968 519 2015 eet
528 1959 630 2015 oculis‘l

62 2037 118 2090 Non
130 2035 216 2105 potui:
228 2051 285 2099 neo,
297 2035 320 2088 si
330 2051 443 2106 possam,
453 2042 505 2089 lem
516 2035 616 2106 perdite
625 2051 750 2089 amarem.

97 2108 148 2163 Sed
159 2116 212 2172 tua,
224 2108 333 2179 Coponi,
349 2109 470 2172 crimina,
483 2117 569 2164 nostra
583 2108 656 2164 lacis.

250 2236 316 2279 c1v.
340 2236 376 2278 ΙΝ
398 2236 614 2281 MENTULAM.

61 2318 183 2381 Mentula
195 2334 303 2382 conatur
314 2325 460 2398 Pimpleam
470 2328 594 2382 scandere
603 2333 730 2382 montem:

98 2402 188 2455 llusae
198 2400 309 2456 furcillis
317 2401 484 2473 praecipitem
494 2403 612 2456 eliciunt.

154 2529 206 2570 CV.
232 2529 277 2570 DF.
299 2529 418 2572 Pisano
439 2529 485 2572 ET
508 2527 711 2571 Panllcnalss.

63 2610 135 2673 Cum
145 2634 228 2690 puero
237 2619 307 2674 bello
316 2635 468 2690 praeconem
478 2620 524 2690 qui
537 2617 606 2672 videl
615 2637 680 2681 esse,

98 2693 271 2824 ‘fflffi‘dm'
284 2695 335 2748 nisi
346 2711 374 2748 se
384 2693 496 2748 vendere
505 2692 662 2820 discupera‘lF
