<?xml version="1.0" encoding="UTF-8"?>
<!DOCTYPE html PUBLIC "-//W3C//DTD XHTML 1.0 Transitional//EN"
    "http://www.w3.org/TR/xhtml1/DTD/xhtml1-transitional.dtd">
<html xmlns="http://www.w3.org/1999/xhtml" xml:lang="en" lang="en">
 <head>
  <title>
</title>
<meta http-equiv="Content-Type" content="text/html;charset=utf-8" />
  <meta name='ocr-system' content='tesseract 3.04.00' />
  <meta name='ocr-capabilities' content='ocr_page ocr_carea ocr_par ocr_line ocrx_word'/>
</head>
<body>
  <div class='ocr_page' id='page_1' title='image "./catullitibullie00propgoog_0239.png"; bbox 0 0 2030 3040; ppageno 0'>
   <div class='ocr_carea' id='block_1_1' title="bbox 190 138 893 326">
    <p class='ocr_par' dir='ltr' id='par_1_1' title="bbox 190 138 893 326">
     <span class='ocr_line' id='line_1_1' title="bbox 193 138 669 202; baseline 0.004 -2"><span class='ocrx_word' id='word_1_1' title='bbox 193 147 240 200; x_wconf 75' lang='grc'>494</span> <span class='ocrx_word' id='word_1_2' title='bbox 456 138 669 202; x_wconf 82' lang='lat' dir='ltr'>PROPERTII</span> 
     </span>
     <span class='ocr_line' id='line_1_2' title="bbox 190 248 893 326; baseline 0.004 -18"><span class='ocrx_word' id='word_1_3' title='bbox 190 251 310 308; x_wconf 78' lang='lat' dir='ltr'>Necdum</span> <span class='ocrx_word' id='word_1_4' title='bbox 320 248 458 307; x_wconf 75' lang='lat' dir='ltr'>inclinatae</span> <span class='ocrx_word' id='word_1_5' title='bbox 466 253 607 326; x_wconf 84' lang='lat' dir='ltr'>prohibent</span> <span class='ocrx_word' id='word_1_6' title='bbox 616 261 640 307; x_wconf 87' lang='lat' dir='ltr'>te</span> <span class='ocrx_word' id='word_1_7' title='bbox 652 252 742 310; x_wconf 86' lang='lat' dir='ltr'>ludere</span> <span class='ocrx_word' id='word_1_8' title='bbox 750 271 893 311; x_wconf 82' lang='lat' dir='ltr'><strong>mammae.</strong></span> 
     </span>
    </p>
   </div>
   <div class='ocr_carea' id='block_1_2' title="bbox 137 326 941 2711">
    <p class='ocr_par' dir='ltr' id='par_1_2' title="bbox 137 326 941 2711">
     <span class='ocr_line' id='line_1_3' title="bbox 228 326 823 400; baseline 0.002 -18"><span class='ocrx_word' id='word_1_9' title='bbox 228 327 327 383; x_wconf 87' lang='lat' dir='ltr'>Viderit</span> <span class='ocrx_word' id='word_1_10' title='bbox 335 326 395 392; x_wconf 91' lang='lat' dir='ltr'>hcc,</span> <span class='ocrx_word' id='word_1_11' title='bbox 406 328 521 399; x_wconf 86' lang='lat' dir='ltr'>siquam</span> <span class='ocrx_word' id='word_1_12' title='bbox 532 327 584 382; x_wconf 90' lang='lat' dir='ltr'>iam</span> <span class='ocrx_word' id='word_1_13' title='bbox 593 328 725 399; x_wconf 82' lang='lat' dir='ltr'>peperisse</span> <span class='ocrx_word' id='word_1_14' title='bbox 732 329 823 400; x_wconf 90' lang='lat' dir='ltr'>pudet.</span> 
     </span>
     <span class='ocr_line' id='line_1_4' title="bbox 191 400 832 468; baseline -0.002 -10"><span class='ocrx_word' id='word_1_15' title='bbox 191 405 261 458; x_wconf 88' lang='lat' dir='ltr'>Dum</span> <span class='ocrx_word' id='word_1_16' title='bbox 272 419 319 457; x_wconf 87' lang='lat' dir='ltr'>nos</span> <span class='ocrx_word' id='word_1_17' title='bbox 328 400 379 456; x_wconf 77' lang='lat' dir='ltr'>sata</span> <span class='ocrx_word' id='word_1_18' title='bbox 390 401 490 468; x_wconf 83' lang='lat' dir='ltr'>sinunt,</span> <span class='ocrx_word' id='word_1_19' title='bbox 501 401 590 457; x_wconf 86' lang='lat' dir='ltr'>oculos</span> <span class='ocrx_word' id='word_1_20' title='bbox 600 403 725 457; x_wconf 90' lang='lat' dir='ltr'>satiemus</span> <span class='ocrx_word' id='word_1_21' title='bbox 735 421 832 459; x_wconf 85' lang='lat' dir='ltr'>amore.</span> 
     </span>
     <span class='ocr_line' id='line_1_5' title="bbox 229 476 785 549; baseline 0.002 -18"><span class='ocrx_word' id='word_1_22' title='bbox 229 479 288 532; x_wconf 80' lang='lat' dir='ltr'>Nox</span> <span class='ocrx_word' id='word_1_23' title='bbox 296 477 346 532; x_wconf 84' lang='lat' dir='ltr'>tibi</span> <span class='ocrx_word' id='word_1_24' title='bbox 355 476 433 549; x_wconf 83' lang='lat' dir='ltr'>longa</span> <span class='ocrx_word' id='word_1_25' title='bbox 443 477 522 543; x_wconf 86' lang='lat' dir='ltr'>venit,</span> <span class='ocrx_word' id='word_1_26' title='bbox 533 494 583 532; x_wconf 86' lang='lat' dir='ltr'>nec</span> <span class='ocrx_word' id='word_1_27' title='bbox 592 476 706 532; x_wconf 86' lang='lat' dir='ltr'>reditura</span> <span class='ocrx_word' id='word_1_28' title='bbox 718 477 785 533; x_wconf 86' lang='lat' dir='ltr'>dies.</span> 
     </span>
     <span class='ocr_line' id='line_1_6' title="bbox 137 551 843 624; baseline 0 -18"><span class='ocrx_word' id='word_1_29' title='bbox 137 563 162 606; x_wconf 80' lang='lat'>25</span> <span class='ocrx_word' id='word_1_30' title='bbox 191 553 277 624; x_wconf 72' lang='lat' dir='ltr'>Atque</span> <span class='ocrx_word' id='word_1_31' title='bbox 286 551 388 605; x_wconf 90' lang='lat' dir='ltr'>utinam</span> <span class='ocrx_word' id='word_1_32' title='bbox 397 551 532 607; x_wconf 87' lang='lat' dir='ltr'>haerentes</span> <span class='ocrx_word' id='word_1_33' title='bbox 541 553 580 606; x_wconf 89' lang='lat' dir='ltr'>sic</span> <span class='ocrx_word' id='word_1_34' title='bbox 588 569 636 606; x_wconf 87' lang='lat' dir='ltr'>nos</span> <span class='ocrx_word' id='word_1_35' title='bbox 646 552 745 607; x_wconf 87' lang='lat' dir='ltr'>vincire</span> <span class='ocrx_word' id='word_1_36' title='bbox 755 559 843 608; x_wconf 84' lang='lat' dir='ltr'>catena</span> 
     </span>
     <span class='ocr_line' id='line_1_7' title="bbox 229 625 769 698; baseline 0 -17"><span class='ocrx_word' id='word_1_37' title='bbox 229 625 318 692; x_wconf 84' lang='lat' dir='ltr'>velles,</span> <span class='ocrx_word' id='word_1_38' title='bbox 330 633 360 680; x_wconf 87' lang='lat' dir='ltr'>ut</span> <span class='ocrx_word' id='word_1_39' title='bbox 369 643 508 698; x_wconf 90' lang='lat' dir='ltr'><strong>nunquam</strong></span> <span class='ocrx_word' id='word_1_40' title='bbox 518 625 628 682; x_wconf 87' lang='lat' dir='ltr'>solveret</span> <span class='ocrx_word' id='word_1_41' title='bbox 639 625 694 681; x_wconf 89' lang='lat' dir='ltr'>ulla</span> <span class='ocrx_word' id='word_1_42' title='bbox 703 625 769 681; x_wconf 87' lang='lat' dir='ltr'>dies.</span> 
     </span>
     <span class='ocr_line' id='line_1_8' title="bbox 191 699 840 772; baseline 0 -16"><span class='ocrx_word' id='word_1_43' title='bbox 191 699 320 772; x_wconf 80' lang='lat' dir='ltr'>Exemplo</span> <span class='ocrx_word' id='word_1_44' title='bbox 329 701 432 755; x_wconf 88' lang='lat' dir='ltr'>iunctae</span> <span class='ocrx_word' id='word_1_45' title='bbox 440 701 489 755; x_wconf 89' lang='lat' dir='ltr'>tibi</span> <span class='ocrx_word' id='word_1_46' title='bbox 499 701 552 755; x_wconf 90' lang='lat' dir='ltr'>sint</span> <span class='ocrx_word' id='word_1_47' title='bbox 561 701 589 756; x_wconf 90' lang='lat' dir='ltr'>in</span> <span class='ocrx_word' id='word_1_48' title='bbox 599 718 686 755; x_wconf 87' lang='lat' dir='ltr'>amore</span> <span class='ocrx_word' id='word_1_49' title='bbox 695 701 840 768; x_wconf 86' lang='lat' dir='ltr'>columbae,</span> 
     </span>
     <span class='ocr_line' id='line_1_9' title="bbox 228 774 770 848; baseline 0.002 -18"><span class='ocrx_word' id='word_1_50' title='bbox 228 775 362 830; x_wconf 85' lang='lat' dir='ltr'>masculus</span> <span class='ocrx_word' id='word_1_51' title='bbox 372 783 397 830; x_wconf 87' lang='lat' dir='ltr'>et</span> <span class='ocrx_word' id='word_1_52' title='bbox 406 781 490 829; x_wconf 87' lang='lat' dir='ltr'>totum</span> <span class='ocrx_word' id='word_1_53' title='bbox 499 774 597 830; x_wconf 83' lang='lat' dir='ltr'>femina</span> <span class='ocrx_word' id='word_1_54' title='bbox 605 775 770 848; x_wconf 84' lang='lat' dir='ltr'>coniugium.</span> 
     </span>
     <span class='ocr_line' id='line_1_10' title="bbox 191 849 756 922; baseline 0 -17"><span class='ocrx_word' id='word_1_55' title='bbox 191 850 276 915; x_wconf 88' lang='lat' dir='ltr'>Errat,</span> <span class='ocrx_word' id='word_1_56' title='bbox 288 849 337 922; x_wconf 90' lang='lat' dir='ltr'>qui</span> <span class='ocrx_word' id='word_1_57' title='bbox 346 849 426 904; x_wconf 87' lang='lat' dir='ltr'>finem</span> <span class='ocrx_word' id='word_1_58' title='bbox 436 849 526 905; x_wconf 88' lang='lat' dir='ltr'>vesani</span> <span class='ocrx_word' id='word_1_59' title='bbox 535 850 638 921; x_wconf 86' lang='lat' dir='ltr'>quaerit</span> <span class='ocrx_word' id='word_1_60' title='bbox 646 850 756 905; x_wconf 87' lang='lat' dir='ltr'>amoris:</span> 
     </span>
     <span class='ocr_line' id='line_1_11' title="bbox 138 922 825 980; baseline 0.006 -4"><span class='ocrx_word' id='word_1_61' title='bbox 138 935 163 977; x_wconf 74' lang='lat' dir='ltr'>aa</span> <span class='ocrx_word' id='word_1_62' title='bbox 232 941 309 978; x_wconf 87' lang='lat' dir='ltr'>verus</span> <span class='ocrx_word' id='word_1_63' title='bbox 318 941 392 978; x_wconf 89' lang='lat' dir='ltr'>amor</span> <span class='ocrx_word' id='word_1_64' title='bbox 402 922 507 978; x_wconf 91' lang='lat' dir='ltr'><strong>nullum</strong></span> <span class='ocrx_word' id='word_1_65' title='bbox 517 925 590 979; x_wconf 87' lang='lat' dir='ltr'>novit</span> <span class='ocrx_word' id='word_1_66' title='bbox 599 924 695 980; x_wconf 89' lang='lat' dir='ltr'>hahere</span> <span class='ocrx_word' id='word_1_67' title='bbox 704 923 825 980; x_wconf 80' lang='lat' dir='ltr'><strong>modum·</strong></span> 
     </span>
     <span class='ocr_line' id='line_1_12' title="bbox 193 995 752 1069; baseline 0.004 -17"><span class='ocrx_word' id='word_1_68' title='bbox 193 999 270 1052; x_wconf 87' lang='lat' dir='ltr'>Terra</span> <span class='ocrx_word' id='word_1_69' title='bbox 279 997 355 1068; x_wconf 89' lang='lat' dir='ltr'>prius</span> <span class='ocrx_word' id='word_1_70' title='bbox 366 995 431 1052; x_wconf 82' lang='lat' dir='ltr'>falso</span> <span class='ocrx_word' id='word_1_71' title='bbox 440 1005 517 1069; x_wconf 92' lang='lat' dir='ltr'>partu</span> <span class='ocrx_word' id='word_1_72' title='bbox 527 997 632 1052; x_wconf 85' lang='lat' dir='ltr'>deludet</span> <span class='ocrx_word' id='word_1_73' title='bbox 641 1007 752 1065; x_wconf 87' lang='lat' dir='ltr'>arantes,</span> 
     </span>
     <span class='ocr_line' id='line_1_13' title="bbox 229 1069 719 1145; baseline 0.004 -18"><span class='ocrx_word' id='word_1_74' title='bbox 229 1079 254 1127; x_wconf 91' lang='lat' dir='ltr'>et</span> <span class='ocrx_word' id='word_1_75' title='bbox 263 1072 341 1126; x_wconf 87' lang='lat' dir='ltr'>citius</span> <span class='ocrx_word' id='word_1_76' title='bbox 352 1072 442 1145; x_wconf 80' lang='lat' dir='ltr'>nigros</span> <span class='ocrx_word' id='word_1_77' title='bbox 452 1069 495 1126; x_wconf 88' lang='lat' dir='ltr'>Sol</span> <span class='ocrx_word' id='word_1_78' title='bbox 506 1071 615 1145; x_wconf 79' lang='lat' dir='ltr'>agitabit</span> <span class='ocrx_word' id='word_1_79' title='bbox 623 1090 719 1144; x_wconf 89' lang='lat' dir='ltr'>equos:</span> 
     </span>
     <span class='ocr_line' id='line_1_14' title="bbox 192 1145 885 1221; baseline 0.001 -20"><span class='ocrx_word' id='word_1_80' title='bbox 192 1145 356 1219; x_wconf 85' lang='lat' dir='ltr'>fluminaque</span> <span class='ocrx_word' id='word_1_81' title='bbox 365 1147 399 1202; x_wconf 84' lang='lat' dir='ltr'>ad</span> <span class='ocrx_word' id='word_1_82' title='bbox 407 1154 487 1218; x_wconf 89' lang='lat' dir='ltr'>caput</span> <span class='ocrx_word' id='word_1_83' title='bbox 495 1147 621 1218; x_wconf 87' lang='lat' dir='ltr'>incipient</span> <span class='ocrx_word' id='word_1_84' title='bbox 630 1165 750 1204; x_wconf 82' lang='lat' dir='ltr'>revocare</span> <span class='ocrx_word' id='word_1_85' title='bbox 760 1147 885 1221; x_wconf 84' lang='lat' dir='ltr'>liquores,</span> 
     </span>
     <span class='ocr_line' id='line_1_15' title="bbox 230 1221 704 1296; baseline 0.002 -19"><span class='ocrx_word' id='word_1_86' title='bbox 230 1221 319 1277; x_wconf 87' lang='lat' dir='ltr'>aridus</span> <span class='ocrx_word' id='word_1_87' title='bbox 329 1228 354 1276; x_wconf 88' lang='lat' dir='ltr'>et</span> <span class='ocrx_word' id='word_1_88' title='bbox 363 1223 431 1278; x_wconf 88' lang='lat' dir='ltr'>sicce</span> <span class='ocrx_word' id='word_1_89' title='bbox 439 1222 545 1296; x_wconf 76' lang='lat' dir='ltr'>gurgite</span> <span class='ocrx_word' id='word_1_90' title='bbox 552 1222 633 1294; x_wconf 87' lang='lat' dir='ltr'>piscis</span> <span class='ocrx_word' id='word_1_91' title='bbox 642 1223 704 1278; x_wconf 89' lang='lat' dir='ltr'>erit:</span> 
     </span>
     <span class='ocr_line' id='line_1_16' title="bbox 139 1295 824 1369; baseline 0.001 -20"><span class='ocrx_word' id='word_1_92' title='bbox 139 1309 163 1349; x_wconf 79' lang='lat'>35</span> <span class='ocrx_word' id='word_1_93' title='bbox 195 1314 277 1369; x_wconf 81' lang='lat' dir='ltr'><strong>quam</strong></span> <span class='ocrx_word' id='word_1_94' title='bbox 286 1297 386 1369; x_wconf 88' lang='lat' dir='ltr'>possim</span> <span class='ocrx_word' id='word_1_95' title='bbox 396 1305 498 1352; x_wconf 85' lang='lat' dir='ltr'>nostms</span> <span class='ocrx_word' id='word_1_96' title='bbox 509 1297 560 1353; x_wconf 86' lang='lat' dir='ltr'>alio</span> <span class='ocrx_word' id='word_1_97' title='bbox 569 1296 707 1352; x_wconf 82' lang='lat' dir='ltr'>transferre</span> <span class='ocrx_word' id='word_1_98' title='bbox 716 1295 824 1352; x_wconf 87' lang='lat' dir='ltr'>calores.</span> 
     </span>
     <span class='ocr_line' id='line_1_17' title="bbox 230 1371 760 1437; baseline 0.002 -12"><span class='ocrx_word' id='word_1_99' title='bbox 230 1372 316 1426; x_wconf 85' lang='lat' dir='ltr'>Huius</span> <span class='ocrx_word' id='word_1_100' title='bbox 325 1388 369 1426; x_wconf 90' lang='lat' dir='ltr'>erc</span> <span class='ocrx_word' id='word_1_101' title='bbox 379 1372 468 1437; x_wconf 67' lang='lat' dir='ltr'>viriis,</span> <span class='ocrx_word' id='word_1_102' title='bbox 483 1380 604 1427; x_wconf 86' lang='lat' dir='ltr'>mortuus</span> <span class='ocrx_word' id='word_1_103' title='bbox 614 1371 697 1426; x_wconf 90' lang='lat' dir='ltr'>huius</span> <span class='ocrx_word' id='word_1_104' title='bbox 707 1388 760 1426; x_wconf 92' lang='lat' dir='ltr'>ero.</span> 
     </span>
     <span class='ocr_line' id='line_1_18' title="bbox 192 1445 794 1512; baseline 0 -12"><span class='ocrx_word' id='word_1_105' title='bbox 192 1445 269 1512; x_wconf 85' lang='lat' dir='ltr'>Quod</span> <span class='ocrx_word' id='word_1_106' title='bbox 278 1446 346 1500; x_wconf 86' lang='lat' dir='ltr'>mihi</span> <span class='ocrx_word' id='word_1_107' title='bbox 355 1449 378 1500; x_wconf 87' lang='lat' dir='ltr'>si</span> <span class='ocrx_word' id='word_1_108' title='bbox 388 1463 477 1501; x_wconf 87' lang='lat' dir='ltr'>secum</span> <span class='ocrx_word' id='word_1_109' title='bbox 486 1445 550 1501; x_wconf 89' lang='lat' dir='ltr'>tales</span> <span class='ocrx_word' id='word_1_110' title='bbox 558 1445 698 1502; x_wconf 87' lang='lat' dir='ltr'>concedere</span> <span class='ocrx_word' id='word_1_111' title='bbox 708 1451 794 1500; x_wconf 84' lang='lat' dir='ltr'>noctes</span> 
     </span>
     <span class='ocr_line' id='line_1_19' title="bbox 230 1519 738 1594; baseline -0.004 -18"><span class='ocrx_word' id='word_1_112' title='bbox 230 1520 275 1576; x_wconf 85' lang='lat' dir='ltr'>illa</span> <span class='ocrx_word' id='word_1_113' title='bbox 285 1519 357 1584; x_wconf 88' lang='lat' dir='ltr'>velit,</span> <span class='ocrx_word' id='word_1_114' title='bbox 368 1520 436 1575; x_wconf 90' lang='lat' dir='ltr'>vitae</span> <span class='ocrx_word' id='word_1_115' title='bbox 446 1520 541 1594; x_wconf 78' lang='lat' dir='ltr'>longus</span> <span class='ocrx_word' id='word_1_116' title='bbox 550 1528 575 1575; x_wconf 87' lang='lat' dir='ltr'>et</span> <span class='ocrx_word' id='word_1_117' title='bbox 584 1538 670 1575; x_wconf 87' lang='lat' dir='ltr'>annus</span> <span class='ocrx_word' id='word_1_118' title='bbox 680 1521 738 1575; x_wconf 91' lang='lat' dir='ltr'>erit.</span> 
     </span>
     <span class='ocr_line' id='line_1_20' title="bbox 162 1591 880 1660; baseline -0.004 -10"><span class='ocrx_word' id='word_1_119' title='bbox 162 1591 167 1595; x_wconf 66' lang='grc'><strong>’</strong></span> <span class='ocrx_word' id='word_1_120' title='bbox 193 1594 221 1650; x_wconf 88' lang='lat' dir='ltr'>Si</span> <span class='ocrx_word' id='word_1_121' title='bbox 231 1594 303 1650; x_wconf 90' lang='lat' dir='ltr'>dabit</span> <span class='ocrx_word' id='word_1_122' title='bbox 311 1595 375 1649; x_wconf 89' lang='lat' dir='ltr'>haec</span> <span class='ocrx_word' id='word_1_123' title='bbox 384 1594 489 1660; x_wconf 82' lang='lat' dir='ltr'>multas,</span> <span class='ocrx_word' id='word_1_124' title='bbox 503 1595 565 1649; x_wconf 86' lang='lat' dir='ltr'>flam</span> <span class='ocrx_word' id='word_1_125' title='bbox 575 1593 729 1648; x_wconf 82' lang='lat' dir='ltr'>immertalis</span> <span class='ocrx_word' id='word_1_126' title='bbox 739 1593 767 1648; x_wconf 87' lang='lat' dir='ltr'>in</span> <span class='ocrx_word' id='word_1_127' title='bbox 778 1591 844 1648; x_wconf 88' lang='lat' dir='ltr'>illis:</span> <span class='ocrx_word' id='word_1_128' title='bbox 878 1611 880 1618; x_wconf 67' lang='lat'><strong><em>¹</em></strong></span> 
     </span>
     <span class='ocr_line' id='line_1_21' title="bbox 140 1669 764 1741; baseline 0 -20"><span class='ocrx_word' id='word_1_129' title='bbox 140 1677 165 1722; x_wconf 75' lang='lat' dir='ltr'>tc</span> <span class='ocrx_word' id='word_1_130' title='bbox 232 1676 306 1725; x_wconf 88' lang='lat' dir='ltr'>nocte</span> <span class='ocrx_word' id='word_1_131' title='bbox 315 1687 368 1725; x_wconf 89' lang='lat' dir='ltr'>una</span> <span class='ocrx_word' id='word_1_132' title='bbox 378 1671 468 1740; x_wconf 89' lang='lat' dir='ltr'>quivis</span> <span class='ocrx_word' id='word_1_133' title='bbox 478 1669 520 1724; x_wconf 89' lang='lat' dir='ltr'>vel</span> <span class='ocrx_word' id='word_1_134' title='bbox 531 1669 596 1726; x_wconf 90' lang='lat' dir='ltr'>deus</span> <span class='ocrx_word' id='word_1_135' title='bbox 605 1685 662 1724; x_wconf 87' lang='lat' dir='ltr'>esse</span> <span class='ocrx_word' id='word_1_136' title='bbox 671 1675 764 1741; x_wconf 85' lang='lat' dir='ltr'>potest.</span> 
     </span>
     <span class='ocr_line' id='line_1_22' title="bbox 192 1740 815 1814; baseline -0.003 -16"><span class='ocrx_word' id='word_1_137' title='bbox 192 1743 303 1810; x_wconf 79' lang='lat' dir='ltr'><strong>Qualem</strong></span> <span class='ocrx_word' id='word_1_138' title='bbox 315 1744 337 1797; x_wconf 88' lang='lat' dir='ltr'>si</span> <span class='ocrx_word' id='word_1_139' title='bbox 348 1743 435 1798; x_wconf 88' lang='lat' dir='ltr'>cuncti</span> <span class='ocrx_word' id='word_1_140' title='bbox 444 1751 568 1814; x_wconf 85' lang='lat' dir='ltr'>cuperent</span> <span class='ocrx_word' id='word_1_141' title='bbox 577 1743 714 1798; x_wconf 82' lang='lat' dir='ltr'>decurrere</span> <span class='ocrx_word' id='word_1_142' title='bbox 724 1740 815 1806; x_wconf 83' lang='lat' dir='ltr'>vitam,</span> 
     </span>
     <span class='ocr_line' id='line_1_23' title="bbox 230 1817 753 1889; baseline -0.004 -18"><span class='ocrx_word' id='word_1_143' title='bbox 230 1825 256 1872; x_wconf 87' lang='lat' dir='ltr'>et</span> <span class='ocrx_word' id='word_1_144' title='bbox 263 1817 348 1889; x_wconf 88' lang='lat' dir='ltr'>pressi</span> <span class='ocrx_word' id='word_1_145' title='bbox 358 1817 442 1872; x_wconf 86' lang='lat' dir='ltr'>multe</span> <span class='ocrx_word' id='word_1_146' title='bbox 450 1817 568 1872; x_wconf 87' lang='lat' dir='ltr'>membra</span> <span class='ocrx_word' id='word_1_147' title='bbox 578 1817 660 1871; x_wconf 87' lang='lat' dir='ltr'>iacere</span> <span class='ocrx_word' id='word_1_148' title='bbox 668 1832 753 1869; x_wconf 90' lang='lat' dir='ltr'>merc:</span> 
     </span>
     <span class='ocr_line' id='line_1_24' title="bbox 193 1887 851 1959; baseline -0.011 -13"><span class='ocrx_word' id='word_1_149' title='bbox 193 1909 246 1946; x_wconf 88' lang='lat' dir='ltr'>non</span> <span class='ocrx_word' id='word_1_150' title='bbox 255 1890 354 1944; x_wconf 80' lang='lat' dir='ltr'>ferrum</span> <span class='ocrx_word' id='word_1_151' title='bbox 363 1889 477 1954; x_wconf 88' lang='lat' dir='ltr'>crudele,</span> <span class='ocrx_word' id='word_1_152' title='bbox 489 1906 575 1959; x_wconf 87' lang='lat' dir='ltr'>neque</span> <span class='ocrx_word' id='word_1_153' title='bbox 584 1896 651 1942; x_wconf 89' lang='lat' dir='ltr'>esset</span> <span class='ocrx_word' id='word_1_154' title='bbox 659 1887 752 1940; x_wconf 89' lang='lat' dir='ltr'>bellica</span> <span class='ocrx_word' id='word_1_155' title='bbox 762 1887 851 1952; x_wconf 85' lang='lat' dir='ltr'>navis;</span> 
     </span>
     <span class='ocr_line' id='line_1_25' title="bbox 230 1961 799 2026; baseline -0.012 -7"><span class='ocrx_word' id='word_1_156' title='bbox 230 1981 278 2019; x_wconf 91' lang='lat' dir='ltr'>nec</span> <span class='ocrx_word' id='word_1_157' title='bbox 286 1969 371 2018; x_wconf 88' lang='lat' dir='ltr'>nostra</span> <span class='ocrx_word' id='word_1_158' title='bbox 381 1961 516 2016; x_wconf 87' lang='lat' dir='ltr'>Actiacum</span> <span class='ocrx_word' id='word_1_159' title='bbox 526 1966 639 2015; x_wconf 87' lang='lat' dir='ltr'>verreret</span> <span class='ocrx_word' id='word_1_160' title='bbox 647 1976 706 2013; x_wconf 88' lang='lat' dir='ltr'>essa</span> <span class='ocrx_word' id='word_1_161' title='bbox 715 1975 799 2026; x_wconf 78' lang='lat' dir='ltr'>mare3</span> 
     </span>
     <span class='ocr_line' id='line_1_26' title="bbox 140 2031 869 2105; baseline -0.008 -13"><span class='ocrx_word' id='word_1_162' title='bbox 140 2033 164 2092; x_wconf 71' lang='lat'>4⁵</span> <span class='ocrx_word' id='word_1_163' title='bbox 196 2055 243 2094; x_wconf 91' lang='lat' dir='ltr'>nec</span> <span class='ocrx_word' id='word_1_164' title='bbox 252 2037 325 2092; x_wconf 77' lang='lat' dir='ltr'>toties</span> <span class='ocrx_word' id='word_1_165' title='bbox 334 2034 447 2105; x_wconf 86' lang='lat' dir='ltr'>propriis</span> <span class='ocrx_word' id='word_1_166' title='bbox 458 2033 558 2088; x_wconf 89' lang='lat' dir='ltr'>circum</span> <span class='ocrx_word' id='word_1_167' title='bbox 566 2039 717 2105; x_wconf 81' lang='lat' dir='ltr'>oppugnata</span> <span class='ocrx_word' id='word_1_168' title='bbox 726 2031 869 2104; x_wconf 85' lang='lat' dir='ltr'>triumphis</span> 
     </span>
     <span class='ocr_line' id='line_1_27' title="bbox 230 2107 747 2166; baseline -0.006 -1"><span class='ocrx_word' id='word_1_169' title='bbox 230 2112 297 2166; x_wconf 85' lang='lat' dir='ltr'>lassa</span> <span class='ocrx_word' id='word_1_170' title='bbox 306 2107 370 2163; x_wconf 82' lang='lat' dir='ltr'>foret</span> <span class='ocrx_word' id='word_1_171' title='bbox 379 2107 463 2164; x_wconf 87' lang='lat' dir='ltr'>crines</span> <span class='ocrx_word' id='word_1_172' title='bbox 473 2107 573 2163; x_wconf 91' lang='lat' dir='ltr'>solvere</span> <span class='ocrx_word' id='word_1_173' title='bbox 584 2107 666 2162; x_wconf 79' lang='lat' dir='ltr'><strong>Roma</strong></span> <span class='ocrx_word' id='word_1_174' title='bbox 675 2124 747 2162; x_wconf 86' lang='lat' dir='ltr'>suos.</span> 
     </span>
     <span class='ocr_line' id='line_1_28' title="bbox 193 2181 790 2256; baseline -0.003 -16"><span class='ocrx_word' id='word_1_175' title='bbox 193 2188 234 2241; x_wconf 86' lang='lat' dir='ltr'>Me</span> <span class='ocrx_word' id='word_1_176' title='bbox 242 2191 310 2240; x_wconf 89' lang='lat' dir='ltr'>certe</span> <span class='ocrx_word' id='word_1_177' title='bbox 318 2183 410 2238; x_wconf 89' lang='lat' dir='ltr'>meritc</span> <span class='ocrx_word' id='word_1_178' title='bbox 419 2190 541 2256; x_wconf 86' lang='lat' dir='ltr'>poterunt</span> <span class='ocrx_word' id='word_1_179' title='bbox 549 2181 656 2238; x_wconf 88' lang='lat' dir='ltr'>laudare</span> <span class='ocrx_word' id='word_1_180' title='bbox 664 2183 790 2238; x_wconf 85' lang='lat' dir='ltr'>minores.</span> 
     </span>
     <span class='ocr_line' id='line_1_29' title="bbox 230 2256 754 2332; baseline -0.008 -16"><span class='ocrx_word' id='word_1_181' title='bbox 230 2261 373 2316; x_wconf 84' lang='lat' dir='ltr'>Laeserunt</span> <span class='ocrx_word' id='word_1_182' title='bbox 383 2257 470 2315; x_wconf 87' lang='lat' dir='ltr'>nullos</span> <span class='ocrx_word' id='word_1_183' title='bbox 479 2256 572 2332; x_wconf 88' lang='lat' dir='ltr'>pocula</span> <span class='ocrx_word' id='word_1_184' title='bbox 582 2266 669 2316; x_wconf 83' lang='lat' dir='ltr'>nostra</span> <span class='ocrx_word' id='word_1_185' title='bbox 682 2257 754 2314; x_wconf 89' lang='lat' dir='ltr'>deos.</span> 
     </span>
     <span class='ocr_line' id='line_1_30' title="bbox 194 2333 941 2402; baseline -0.003 -12"><span class='ocrx_word' id='word_1_186' title='bbox 194 2338 234 2391; x_wconf 84' lang='lat' dir='ltr'>Tu</span> <span class='ocrx_word' id='word_1_187' title='bbox 249 2335 340 2401; x_wconf 81' lang='lat' dir='ltr'><strong>modo,</strong></span> <span class='ocrx_word' id='word_1_188' title='bbox 360 2335 426 2392; x_wconf 88' lang='lat' dir='ltr'>dum</span> <span class='ocrx_word' id='word_1_189' title='bbox 440 2334 513 2402; x_wconf 82' lang='lat' dir='ltr'>licet,</span> <span class='ocrx_word' id='word_1_190' title='bbox 533 2335 607 2391; x_wconf 87' lang='lat' dir='ltr'>hunc</span> <span class='ocrx_word' id='word_1_191' title='bbox 619 2334 735 2390; x_wconf 83' lang='lat' dir='ltr'>fructum</span> <span class='ocrx_word' id='word_1_192' title='bbox 750 2351 783 2389; x_wconf 87' lang='lat' dir='ltr'>ne</span> <span class='ocrx_word' id='word_1_193' title='bbox 796 2333 885 2390; x_wconf 82' lang='lat' dir='ltr'>desere</span> <span class='ocrx_word' id='word_1_194' title='bbox 900 2333 941 2388; x_wconf 87' lang='lat' dir='ltr'>vi·</span> 
     </span>
     <span class='ocr_line' id='line_1_31' title="bbox 686 2418 739 2464; baseline 0 0"><span class='ocrx_word' id='word_1_195' title='bbox 686 2418 739 2464; x_wconf 88' lang='lat' dir='ltr'>tae:</span> 
     </span>
     <span class='ocr_line' id='line_1_32' title="bbox 140 2469 774 2557; baseline -0.005 -16"><span class='ocrx_word' id='word_1_196' title='bbox 140 2497 165 2541; x_wconf 79' lang='lat' dir='ltr'>tc</span> <span class='ocrx_word' id='word_1_197' title='bbox 231 2503 329 2550; x_wconf 87' lang='lat' dir='ltr'><strong>omma,</strong></span> <span class='ocrx_word' id='word_1_198' title='bbox 341 2485 364 2540; x_wconf 88' lang='lat' dir='ltr'>si</span> <span class='ocrx_word' id='word_1_199' title='bbox 373 2469 476 2540; x_wconf 81' lang='lat' dir='ltr'>dederis</span> <span class='ocrx_word' id='word_1_200' title='bbox 485 2484 573 2541; x_wconf 88' lang='lat' dir='ltr'>oscula</span> <span class='ocrx_word' id='word_1_201' title='bbox 581 2501 675 2557; x_wconf 86' lang='lat' dir='ltr'>pauca,</span> <span class='ocrx_word' id='word_1_202' title='bbox 688 2483 774 2540; x_wconf 87' lang='lat' dir='ltr'>dahis.</span> 
     </span>
     <span class='ocr_line' id='line_1_33' title="bbox 195 2557 743 2634; baseline -0.005 -18"><span class='ocrx_word' id='word_1_203' title='bbox 195 2563 232 2616; x_wconf 85' lang='lat' dir='ltr'>Ac</span> <span class='ocrx_word' id='word_1_204' title='bbox 241 2560 323 2616; x_wconf 88' lang='lat' dir='ltr'>veluti</span> <span class='ocrx_word' id='word_1_205' title='bbox 331 2559 393 2616; x_wconf 82' lang='lat' dir='ltr'>folia</span> <span class='ocrx_word' id='word_1_206' title='bbox 403 2568 504 2616; x_wconf 83' lang='lat' dir='ltr'>arentes</span> <span class='ocrx_word' id='word_1_207' title='bbox 514 2560 614 2634; x_wconf 88' lang='lat' dir='ltr'>liquere</span> <span class='ocrx_word' id='word_1_208' title='bbox 624 2557 743 2624; x_wconf 87' lang='lat' dir='ltr'>corollas,</span> 
     </span>
     <span class='ocr_line' id='line_1_34' title="bbox 232 2632 813 2711; baseline -0.009 -19"><span class='ocrx_word' id='word_1_209' title='bbox 232 2653 300 2711; x_wconf 89' lang='lat' dir='ltr'>quae</span> <span class='ocrx_word' id='word_1_210' title='bbox 310 2635 411 2707; x_wconf 85' lang='lat' dir='ltr'>passim</span> <span class='ocrx_word' id='word_1_211' title='bbox 423 2635 531 2692; x_wconf 80' lang='lat' dir='ltr'>calathis</span> <span class='ocrx_word' id='word_1_212' title='bbox 541 2643 620 2691; x_wconf 86' lang='lat' dir='ltr'>strata</span> <span class='ocrx_word' id='word_1_213' title='bbox 629 2643 717 2691; x_wconf 88' lang='lat' dir='ltr'>natare</span> <span class='ocrx_word' id='word_1_214' title='bbox 726 2632 813 2700; x_wconf 84' lang='lat' dir='ltr'>vides;</span> 
     </span>
    </p>
   </div>
   <div class='ocr_carea' id='block_1_3' title="bbox 0 0 1025 3040">
    <p class='ocr_par' dir='ltr' id='par_1_3' title="bbox 0 0 1025 3040">
     <span class='ocr_line' id='line_1_35' title="bbox 0 0 1025 3040; baseline 0 0"><span class='ocrx_word' id='word_1_215' title='bbox 0 0 1025 3040; x_wconf 95' lang='lat' dir='ltr'> </span> 
     </span>
    </p>
   </div>
  </div>
 </body>
</html>
