2028 3034
185 195 219 248 di
471 190 640 247 CATULLI

186 317 233 355 vos
243 299 323 354 nolite
330 299 384 370 pati
395 305 514 355 nostrum
525 315 663 355 vanescere
672 298 784 361 luctum,

130 387 170 430 200
183 374 230 429 sed
239 373 313 447 quali
323 371 406 428 solam
415 374 532 429 Theseus
541 390 584 428 mc
593 380 680 428 menta
689 373 805 446 reliquit,

184 447 231 503 teli
239 454 334 513 mente,
346 445 418 513 deae,
431 446 544 503 funestet
553 463 635 519 seque
644 464 768 519 suosque.
778 468 791 500 r

185 523 237 577 iias
245 528 385 593 postquam
397 530 495 577 moesto
504 521 621 594 profudit
628 529 730 593 pectore
738 537 823 588 voces,

185 596 346 667 supplicium
356 597 442 652 saevis
450 613 593 668 exposcens
603 596 682 650 anxia
691 595 780 650 iactis:

185 670 279 725 annuit
288 670 386 725 invicto
395 670 536 725 coelestum
545 670 656 724 numine
665 677 755 734 rector,

131 755 170 799 205
184 762 239 816 quo
249 752 311 799 tunc
320 752 345 797 ct
354 743 432 798 tellus
441 751 520 815 atquc
529 743 635 798 horrida
644 749 858 798 contremuerunt

186 835 307 890 aequora,
320 818 505 889 concussitque
513 818 636 873 micantia
646 817 732 872 sidera
741 817 871 872 mundus.

186 894 245 964 lpse
255 899 342 946 autem
352 907 426 946 caeca
435 899 550 946 mentem
558 891 671 965 caligine
680 892 797 946 Theseus

186 967 302 1021 consitus
311 965 392 1020 oblito
401 963 503 1019 dimisit
511 973 613 1037 pectore
621 973 724 1031 cuncta,

186 1057 255 1113 quae
263 1039 385 1095 mandata
394 1040 470 1111 prius
479 1041 606 1096 constanti
616 1047 704 1095 mente
713 1039 829 1094 tenebat:

132 1125 172 1168 tto
184 1113 272 1170 dulcia
283 1131 331 1168 nec
341 1121 440 1169 moesto
450 1114 591 1170 sustollens
601 1115 678 1187 signa
688 1115 799 1186 parenti,

186 1187 311 1259 sospitem
320 1188 497 1243 Erechtheum
507 1206 536 1243 so
544 1188 657 1244 ostendit
667 1188 751 1244 visere
760 1195 875 1259 portum.

187 1263 309 1334 Namque
318 1261 406 1317 ierunt
415 1262 488 1328 olim,
501 1263 578 1318 classi
588 1281 674 1335 quum
683 1263 786 1317 moenia
796 1261 873 1317 divae

186 1335 350 1408 linquentem
359 1344 470 1410 gnatum
476 1338 565 1393 'ventis
574 1336 737 1393 concrederet
746 1335 859 1410 Aegeus,

186 1410 248 1465 talia
257 1407 425 1483 chmplexnm
435 1412 526 1468 iuveni
537 1411 658 1467 mandata
667 1410 784 1466 dedisse:

133 1495 172 1539 225
186 1484 288 1539 »Gnate
298 1485 365 1540 mihi
375 1485 454 1558 longa
464 1486 604 1542 iucundior
613 1485 691 1540 unice
700 1486 762 1549 vita,

186 1566 273 1632 gnate,
285 1576 423 1632 egoqucm
434 1559 568 1615 indubios
576 1576 654 1632 cogor
666 1559 798 1613 dimittere
807 1574 893 1624 casus,

186 1631 324 1689 redditain
333 1640 463 1688 extremae
473 1651 558 1706 nuper
566 1633 635 1688 mihi
644 1634 698 1688 tine
706 1639 837 1686 senectae:

186 1707 402 1780 quandoquidem
412 1707 516 1763 fortuna
525 1726 583 1763 mea
592 1725 622 1763 ac
633 1714 675 1763 tua
685 1706 785 1761 fervida
795 1707 881 1760 virtus
891 1765 897 1776 Ι

187 1781 264 1853 eripit
274 1781 357 1837 invito
366 1781 434 1837 mihi
444 1789 478 1848 te,
490 1783 553 1854 quoi
564 1781 689 1854 languida
699 1779 819 1835 nondum

132 1865 172 1910 220
186 1855 289 1911 lumina
297 1864 361 1911 sunt
368 1857 441 1929 gnati
451 1873 510 1910 cara
519 1863 633 1909 saturata
643 1855 742 1926 figura:

187 1947 240 1985 non
250 1947 299 2002 ego
308 1937 333 1984 ta
342 1929 460 2002 gaudens
471 1928 574 1981 laetanti
583 1934 685 1998 pectore
693 1926 805 1988 mittam,
844 1991 847 2001 Ι

187 2020 236 2059 nec
244 2010 270 2057 te
278 2002 344 2057 ferre
353 2003 439 2056 sinam
449 2001 568 2054 fortunae
575 2000 652 2071 signa
662 1996 805 2052 secundae:

186 2077 232 2132 sed
241 2072 465 2148 primum'multas
474 2089 626 2143 expromam
637 2078 723 2126 mente
731 2068 861 2143 querelas,

187 2151 309 2205 canitiem
320 2157 386 2202 terra
396 2154 475 2218 atque
484 2144 572 2200 infuso
581 2146 690 2218 pulvere
700 2144 807 2201 foedans
816 2163 822 2213 ;

133 2235 172 2279 225
184 2223 247 2279 inde
257 2221 350 2277 iniecta
360 2237 427 2294 vago
436 2220 597 2291 suspendam
607 2219 685 2276 lintea
699 2218 777 2285 malo,

187 2304 289 2353 nostros
298 2303 328 2350 ut
336 2294 422 2350 luctus
432 2303 586 2368 nostraeque
595 2295 717 2352 incendia
726 2294 822 2350 mentis

187 2371 312 2426 carbasus
320 2370 457 2426 obscurata
467 2369 535 2425 dicet
543 2370 676 2446 ferrugine
686 2371 769 2426 ibera.

188 2444 265 2512 Quod
274 2445 322 2500 tihi
333 2445 356 2500 si
365 2445 448 2500 sancti
458 2446 613 2502 concesserit
621 2445 706 2502 incola
715 2443 792 2510 lteri,

189 2537 258 2592 quac
267 2526 386 2576 nostrum
397 2537 482 2594 genus
492 2537 522 2575 ac
531 2520 606 2576 sedes
615 2519 753 2576 defendere
761 2518 901 2575 Erechthei

137 2605 174 2648 200
187 2596 290 2662 annuit,
302 2603 332 2650 ut
341 2595 410 2650 tauri
419 2612 556 2670 respergas
565 2596 694 2669 sanguine
706 2594 839 2649 dextram:

189 2677 246 2726 tum
256 2686 319 2727 vero
328 2668 413 2736 facito,
423 2677 455 2727 ut
462 2671 573 2728 memori
582 2671 631 2727 tihi
640 2669 743 2727 condita
753 2665 830 2723 corde
