2040 3030
6 2597 9 2690 l

262 156 334 210 LlB.
355 155 409 210 lll.
438 155 555 211 ELEG.
576 156 641 213 Vll.
710 185 713 194 ι
776 156 825 210 233

115 263 237 321 valorum
249 261 341 335 plenos
351 261 486 317 subtrahis
495 263 551 334 ipse
561 263 647 317 sinus.
856 271 881 312 aa

76 338 248 403 credamini,
261 355 371 412 magnos
383 337 535 409 aequabunt
545 337 594 391 ista
604 335 730 391 Camillos

6 429 8 454 ὲ
117 412 225 477 iudicia,
236 420 260 466 et
270 411 360 467 venies
369 417 398 464 tu
408 428 515 482 quoquo
525 411 553 465 in
562 427 607 464 ora
617 410 720 465 virum:

78 487 200 543 Caesaris
209 493 234 540 et
243 484 327 540 lamae
337 485 448 557 vestigia
458 485 546 540 iuncta
560 484 674 539 tenebis:

117 559 274 617 Maooenatis
283 566 361 614 erunt
370 575 431 613 vera
441 566 545 630 tropaea
555 558 630 612 fides.

6 689 7 692 ,
78 637 140 692 Non
150 631 316 707 egovelilera
326 632 460 688 tumidum
470 650 543 688 maro
553 631 736 688 lindooarina:
857 640 882 684 35

119 716 172 763 tota
182 707 233 762 suh
243 707 341 780 exiguo
349 705 460 762 flumine
469 716 557 762 nostra
567 724 641 763 mora
650 712 697 760 ast.

78 785 140 839 Non
152 781 220 836 fleho
229 782 258 836 in
267 781 367 836 cineres
377 798 463 836 aroem
472 782 566 836 sidissa
575 789 696 853 paternos

120 855 222 919 Cadmi,
235 873 283 912 neo
292 873 395 927 sempor
403 855 501 927 proelia
511 855 584 911 clade
593 856 666 928 pari:

80 948 131 988 neo
138 929 247 985 referam
258 929 350 986 Scaeas
360 934 386 985 ei
395 931 532 1004 Pergama,
543 929 675 1002 Apollinis
684 945 765 996 arona.

119 1013 145 1060 et
154 1006 274 1060 Danaum
284 1004 424 1060 undecimo
436 1023 495 1062 vera
504 1005 603 1062 redisse
612 1012 689 1070 rates,
858 1010 884 1056 to

6 1069 7 1088 ¹
81 1079 186 1136 moenia
195 1096 282 1151 quum
290 1079 370 1136 Graio
380 1081 510 1152 Neptunia
519 1081 615 1152 pressit
623 1087 707 1135 aratro

120 1154 202 1209 viator
212 1153 341 1208 Palladiae
351 1154 456 1227 ligneus
466 1155 529 1210 artis
538 1172 635 1226 equus,
694 1199 695 1206 ,

82 1231 153 1284 Inter
163 1225 318 1282 Callimachi
327 1234 367 1282 sat
377 1227 426 1281 erit
434 1226 565 1299 planuisse
574 1226 686 1292 libellos,

121 1309 146 1356 et
155 1300 280 1355 oocinissa
288 1300 384 1364 modis,
395 1300 538 1371 Coopoeta‚
549 1301 611 1355 tuis.

6 1447 8 1452 Ι
82 1374 349 1446 Haeoourantpuari‚
362 1372 751 1445 curenthaaoscriptapuellaa
860 1381 886 1426 45

122 1466 218 1521 meque
227 1448 307 1503 deum
320 1447 441 1513 clamant,
453 1448 555 1503 etmihi
566 1446 741 1503 saoralerant.

85 1526 121 1580 To
130 1524 198 1578 duoa
207 1521 249 1579 vel
260 1522 330 1578 lovis
340 1539 413 1576 arma
423 1539 525 1589 canam,
533 1521 663 1596 ‘maloque
672 1522 818 1579 minantem

122 1599 230 1662 Coeum,
242 1605 268 1652 at
277 1596 426 1670 Phlegraeis
436 1597 634 1671 Eurymedonta
642 1597 726 1670 iugis:

90 1672 214 1744 celsaque
222 1671 348 1728 Romanis
357 1669 476 1744 decerpta
486 1665 583 1726 Palatia
593 1671 676 1726 tauris

123 1745 219 1812 ordiar,
231 1753 256 1800 et
267 1763 342 1800 caeso
351 1745 455 1800 moenia
464 1747 540 1801 firma
550 1747 644 1801 Remo:
861 1751 886 1795 50

86 1821 246 1894 eductosque
253 1837 329 1892 pares
338 1819 452 1876 silvestri
462 1838 495 1876 ex
505 1821 585 1876 ubam
594 1836 678 1892 rages:

129 1903 225 1951 orasoot
233 1903 258 1950 ot
268 1895 406 1968 ingenium
418 1895 470 1951 suh
480 1904 525 1950 tua
538 1895 610 1950 iussa
619 1910 720 1948 meum.

16 1975 28 1998 “
87 1972 265 2042 Prosequaret
275 1987 369 2025 currus
379 1969 618 2042 utroquoahlitore
626 1975 743 2031 ovantes,

124 2045 279 2101 Parthorum
290 2051 389 2099 astutae
399 2044 448 2100 tela
458 2044 567 2100 remissa
577 2043 605 2098 lu
625 2061 667 2111 ao;

88 2118 253 2190 claustraque
262 2118 350 2174 Pelusi
360 2119 478 2175 Romano
486 2120 597 2174 subruta
605 2061 682 2180 harro,
863 2123 887 2164 ⁵⁵

125 2191 275 2263 Antonique
285 2209 380 2264 graves
389 2193 418 2247 in
427 2210 475 2248 sua
484 2192 537 2247 lata
547 2209 653 2246 manus.

88 2264 698 2336 Molliatuooeptaolautorcapeloraiuventae‚

126 2339 284 2411 dexteraque
293 2338 541 2395 immissisdamihi
550 2339 573 2393 si
612 2339 710 2394 arotis.

91 2415 143 2470 lloo
152 2413 229 2477 mihi,
241 2414 385 2478 Mammas,
396 2412 483 2468 laudis
492 2429 570 2468 oenoe
590 2413 627 2468 is:
648 2418 789 2477 etataast

127 2487 200 2562 quod
209 2486 276 2544 larar
287 2489 315 2543 in
325 2494 412 2561 partas
422 2487 478 2560 ipsa
486 2487 568 2544 luisse
577 2495 645 2544 tuas.
863 2495 889 2538 tu
