2030 3040
266 167 338 223 ΗΒ.
359 169 413 224 111.
442 169 558 225 ELEG.
578 171 627 227 vl.
775 177 833 230 l35'

114 274 241 342 eentudit
252 283 278 331 et
288 275 411 333 dominae
420 277 493 332 misit
501 277 531 332 in
540 277 680 334 arbitrium
689 299 694 348 ;

75 352 215 408 Armenias
224 351 305 424 tigres
313 359 340 407 et
348 350 436 408 fulvas
445 351 490 406 ille
501 351 603 406 leaenas
851 367 876 410 15

114 425 178 480 vicit
187 432 212 480 et
220 425 357 480 indomitis
367 425 457 482 mollia
466 426 544 482 eorda
553 425 634 481 dedit.

76 501 145 555 Haec
154 499 244 564 Amor,
256 507 282 554 et
291 501 390 555 maiore
402 499 483 568 valet3
505 499 552 556 sed
560 501 658 572 poscite
667 503 761 558 Baeehi

115 591 237 644 munera3
258 592 340 647 quem
347 581 465 630 vestrum
477 574 570 646 poeula
580 575 648 630 siena
658 577 769 632 iuvant?

78 648 207 704 Convenit
216 666 249 703 ex
259 665 352 721 aequo,
365 666 414 704 nee
421 656 512 705 torvus
522 649 601 704 liber
611 650 638 705 in
649 650 713 717 illis,

115 723 164 796 qui
174 741 211 788 se,
222 723 324 796 quique
332 741 388 781 una
398 724 461 779 vina
471 724 557 779 ioeosa
566 723 665 780 solunt.
851 739 877 782 2⁰

78 799 134 853 lam
147 797 219 852 venit
228 798 310 854 iratus
321 798 436 854 nimium
445 799 615 871 nimiumque
624 805 746 870 severus·;

116 873 164 944 qui
173 872 248 927 timet
260 873 320 928 irati
329 874 441 928 numine
450 891 555 947 magna,
567 874 651 930 bibat.

78 946 175 1014 Quales
184 947 228 1001 his
236 964 333 1019 poenas
343 948 431 1021 qualis
443 957 614 1021 quannisque
622 950 747 1015 minetur,

116 1020 245 1078 Cadmeae
254 1023 345 1078 matris
353 1023 449 1094 praeda
459 1030 566 1079 eruenta
575 1023 658 1080 deoet.
671 1047 672 1052 ¹

78 1095 130 1152 Sed
138 1095 230 1168 procul
240 1114 255 1152 a
264 1097 341 1152 nobis
354 1097 398 1152 hle
406 1098 441 1152 sit
448 1099 540 1166 tim0r3
557 1098 665 1172 illaque,
676 1101 700 1154 si
710 1117 764 1172 qua
774 1109 821 1166 est,
853 1104 878 1154 le

116 1170 184 1244 quid
193 1171 278 1227 valeat
287 1171 359 1236 laesi,
371 1172 473 1238 sentiat,
484 1173 524 1227 ira
534 1172 587 1228 dei.
901 1211 904 1218 -

79 1244 150 1313 Quid
158 1263 261 1317 precor,
274 1246 317 1311 ah,
328 1245 456 1300 demensi
474 1247 550 1303 Venti
562 1250 774 1315 temerariam,
872 1279 874 1290 =

116 1321 200 1375 aeriae
209 1327 234 1375 at
243 1321 329 1375 nubes
341 1319 489 1390 diripienda
497 1319 595 1375 ierantl

79 1394 207 1461 Quamvis
217 1394 293 1450 nulle
301 1395 354 1449 mei
363 1401 483 1466 superest
494 1394 543 1449 tibi
552 1411 623 1462 eura,
636 1397 741 1461 Neaera,

116 1469 153 1524 sis
163 1468 236 1536 felix,
247 1477 273 1524 et
282 1469 336 1524 sint
344 1469 456 1524 eandida
468 1469 520 1524 iata
529 1476 584 1525 tua.
853 1484 878 1526 eu

79 1542 114 1598 At
126 1561 175 1599 nos
189 1561 295 1600 murae
305 1544 447 1600 reddamus
458 1551 577 1617 tempera
590 1561 707 1614 mensae3

116 1618 189 1673 venit
197 1627 256 1689 pest
266 1619 363 1674 multos
373 1638 426 1675 una
437 1637 528 1676 serena
537 1619 604 1675 dies.

78 1693 126 1747 Hei
139 1692 216 1756 mihi,
228 1691 334 1746 difficile
344 1699 391 1758 est,
403 1695 500 1748 imitari
511 1693 609 1767 gaudia
619 1692 693 1759 salsa,

116 1764 224 1819 difficile
233 1772 280 1830 est,
291 1765 359 1820 tristi
372 1767 471 1840 lingere
478 1775 565 1822 mente
574 1767 673 1822 iocum.

79 1841 134 1895 Nee
142 1839 209 1894 bene
219 1839 339 1894 mendaci
347 1841 418 1896 risus
427 1841 593 1913 componitur
602 1859 655 1908 ore,
854 1855 879 1899 35

117 1931 165 1970 nee
173 1914 240 1970 bene
249 1913 368 1970 sollicitis
377 1916 449 1971 ebrie
458 1917 538 1972 verba
550 1925 654 1972 sonant.

78 1989 150 2057 Quid
160 2007 255 2062 quercu
266 1989 378 2046 infelix?
391 1992 493 2064 Turpes
502 1991 627 2048 discedite
636 2009 727 2048 curae:

115 2065 171 2120 odit
179 2067 298 2122 Lenaeus
308 2067 392 2122 tristia
400 2068 481 2124 verbe
488 2074 572 2140 pater.

79 2139 187 2206 Gnosia,
198 2141 312 2196 Theseae
321 2142 456 2214 quondam
464 2143 581 2214 penurie
593 2141 701 2216 linguae

116 2213 310 2289 llevistiigneto
318 2215 472 2271 solarelieta
482 2216 560 2271 mari.
852 2223 879 2269 le

78 2289 122 2345 Sie
131 2289 225 2343 oecinit
233 2305 281 2360 pro
290 2296 316 2343 te
325 2289 426 2355 doctus,
437 2290 529 2355 Minoi,
542 2287 671 2354 Catullus,

116 2362 213 2436 ingrati
223 2361 336 2418 reterens
345 2363 428 2436 impie
440 2362 506 2418 laeta
516 2363 579 2418 viri.

78 2439 131 2492 Vos
141 2453 387 2510 egonunemoneo:
407 2437 492 2503 Felix,
506 2437 661 2510 quicunque
670 2435 758 2494 dolore

117 2510 224 2567 alterius
233 2511 318 2566 disees
329 2528 406 2584 possa
414 2528 501 2567 earere
510 2519 565 2567 tue.

79 2588 134 2642 Nee
147 2602 193 2642 vos
202 2593 248 2641 aut
256 2587 361 2657 capiant
368 2586 508 2658 pendentia
518 2585 624 2643 brachia
634 2585 710 2652 eollo,
852 2593 878 2639 ts

117 2667 163 2716 aut
170 2660 242 2718 lallat
249 2661 348 2718 blanda
357 2661 463 2720 sordida
472 2661 564 2738 lingua
573 2678 659 2735 preee.
