2040 3030
185 149 235 203 238
452 141 666 198 PROPERTII

222 250 347 326 pendebit
355 247 422 305 collo
432 247 508 304 Galla
517 248 614 322 pudica
625 256 682 304 tuo.
1009 317 1010 320 Ἴ

185 329 328 382 Postumus
337 323 401 379 alter
410 323 459 378 erit
468 323 589 378 miranda
599 324 712 396 coniuge
725 322 824 379 Ulixes.
1009 321 1010 408 l

223 403 282 456 Non
292 399 332 455 illi
343 399 436 472 longae
445 404 483 452 tot
492 415 603 453 nocuere
612 415 710 464 morae,
1009 411 1010 444 l

132 487 157 529 ts
187 483 270 530 castra
286 474 377 530 decem
390 489 535 538 annorum,
550 479 576 528 at
590 472 810 600 Ciconumlmons
825 474 933 538 lamara,
1009 525 1010 530 ,

680 547 717 602 Cn
763 589 769 613 ,

224 631 384 694 exustaeque
394 627 453 676 tuae
461 638 534 688 mox,
546 619 715 694 Polyphemo,
726 564 818 695 gnae,
1009 625 1010 694 l

188 707 212 754 et
221 699 311 754 Circae
320 696 434 762 fraudes,
447 695 566 768 lotosque
575 695 724 767 herbaeque
733 704 845 760 tenaces,
1009 695 1010 702 ’

224 772 365 846 Scyllaque
377 779 403 826 et
412 771 524 826 alternas
534 770 615 826 scissa
625 769 775 843 Charybdis
785 788 882 842 aquas:

188 847 336 917 Lampeties
346 846 441 900 Ithaeis
452 845 568 902 verubus
578 845 696 917 mugisse
707 845 841 909 iuvencos,

134 931 159 974 tc
224 921 340 992 (paverat
348 919 398 973 hos
407 919 511 974 Phoebo
521 918 575 972 filia
585 919 728 992 Lampetie)
1009 973 1010 978 ,

188 1005 212 1050 et
223 993 368 1049 thalamum
379 991 477 1047 Aeaeae
489 990 575 1046 flentis
585 991 686 1064 fugisse
694 992 806 1064 puellae,

224 1076 314 1140 totque
323 1067 419 1122 hiemis
429 1073 526 1130 noctes,
536 1073 626 1138 totque
635 1074 738 1122 natasse
748 1066 818 1135 dies,

188 1145 375 1217 nigrantesque
384 1141 476 1196 domos
485 1141 636 1197 animarum
649 1141 761 1198 intrasse
769 1141 910 1210 silentum,

225 1218 349 1273 Sirenum
361 1216 443 1273 surdo
453 1215 552 1290 remige
560 1215 647 1271 adisse
657 1215 739 1281 heus,

134 1303 159 1346 as
188 1303 213 1348 et
222 1300 322 1348 veteres
331 1309 407 1346 arcus
417 1291 467 1348 leto
476 1307 616 1348 renovasse
624 1307 775 1362 procorum,

224 1367 373 1439 errorisque
381 1367 425 1422 sui
433 1369 472 1421 sic
480 1366 603 1422 statuisse
612 1364 733 1420 modum.

188 1444 242 1497 Nec
249 1441 354 1506 frustra,
367 1445 430 1513 quia
440 1449 509 1498 casta
518 1441 591 1495 domi
601 1439 748 1510 persederat
758 1455 835 1494 uxor.

225 1517 317 1573 Vincet
326 1515 467 1586 Penelopes
477 1514 551 1570 Aelia
559 1513 636 1570 Galla
647 1513 737 1569 fidem.

438 1641 602 1686 Eurota
628 1639 675 1685 x1.

189 1726 336 1804 Quaeritis,
347 1732 419 1790 unde
428 1732 514 1789 avidis
524 1752 578 1791 nox
588 1735 623 1788 sit
631 1734 744 1805 pretiosa
755 1730 861 1804 puellis,

226 1820 251 1866 et
260 1810 360 1867 Venere
372 1808 514 1863 exhaustae
523 1809 620 1864 damna
630 1814 775 1878 querantur
787 1805 869 1874 opes?

189 1885 263 1941 Certa
272 1884 382 1955 quidem
390 1881 469 1934 tantis
479 1897 557 1934 causa
566 1888 591 1932 et
600 1878 737 1932 manifesta
747 1878 846 1931 ruinis:

226 1957 347 2013 luxuriae
356 1953 471 2006 nimium
481 1951 563 2006 libera
572 1951 638 2004 iacta
648 1950 691 2005 via
701 1957 749 2002 est.

134 2045 145 2087 t
188 2031 252 2086 Inda
261 2027 333 2082 cavis
343 2041 439 2079 aurum
448 2023 528 2077 mittit
537 2021 644 2078 formica
654 2020 775 2083 metallis,

224 2111 249 2157 et
259 2095 446 2156 venitarubro
455 2097 554 2152 concha
562 2095 678 2168 Erycina
688 2093 756 2150 salo:

187 2186 212 2234 et
221 2177 308 2250 Tyrus
318 2172 430 2229 ostrinos
439 2171 547 2242 praehet
555 2171 669 2228 Cadmea
679 2168 786 2235 colores,

224 2252 365 2307 cinnamon
376 2254 402 2303 et
411 2245 487 2302 multi
498 2255 586 2319 pastor
595 2245 683 2302 odoris
694 2245 788 2301 Arabe.

188 2329 257 2384 Haeo
265 2326 343 2381 etiam
353 2322 455 2379 clausas
465 2330 619 2397 expugnant
628 2341 702 2377 arma
711 2319 830 2393 pudicas,

134 2414 160 2457 tc
224 2401 346 2474 quaeque
354 2404 443 2454 terunt
450 2395 544 2464 fastus,
558 2397 670 2462 icarioti,
682 2404 750 2453 tuos.

190 2479 305 2534 Matrona
316 2473 413 2530 incedit
420 2491 516 2528 census
526 2472 618 2529 induta
627 2477 763 2544 nepotum,

226 2560 252 2607 et
261 2550 344 2622 spolia
353 2548 487 2622 opprobrii
497 2556 584 2603 nostra
594 2564 640 2619 per
649 2564 694 2602 ora
703 2545 792 2601 trahit.
856 2578 858 2582 -

190 2626 268 2683 Nulla
278 2632 317 2680 est
329 2622 463 2696 poscendi,
475 2621 549 2678 nulla
559 2630 598 2677 est
607 2621 751 2677 reverentia
760 2615 853 2673 dandi:
