2020 3036
268 141 479 198 CARMINUM
498 143 622 196 LIBER.
784 144 816 198 49

68 253 202 308 messian
212 249 321 323 Scyros:
344 249 469 322 linquunt
480 249 623 303 Phthiotica
633 249 738 321 Tempe,
844 258 870 304 u

68 325 252 396 Cranonisque
260 323 361 388 domos,
373 341 404 378 ao
413 323 515 378 moenia
526 323 668 378 Larissaea.

69 398 227 457 Pharsalum
237 406 339 462 ooeunt,
352 397 485 452 Pharsalia
495 405 559 451 tecta
569 395 744 467 frequentant.

69 476 142 529 Rura
152 472 213 527 oolit
222 488 309 536 nemo,
322 471 478 526 mollescunt
487 470 551 525 oolla
562 471 695 527 iuvencis:

70 566 124 604 non
134 545 245 601 humilis
254 546 344 600 curvis
353 553 482 618 purgatur
492 545 568 600 vinea
577 545 682 601 restris:

69 641 123 678 non
132 620 239 694 glebam
248 618 464 691 pronooonvellit
474 635 578 674 vomere
586 627 692 675 taurus:

70 714 124 752 non
134 694 191 749 falx
200 701 315 749 attenuat
324 693 503 748 frondatorum
513 693 614 748 arboris
624 695 762 750 umbram:

70 769 194 842 squalida
203 768 311 822 desertis
320 768 412 840 robigo
422 767 531 823 infertur
544 769 647 823 aratris,

70 845 159 916 Ipsius
170 850 196 897 at
205 842 289 906 sedes,
302 859 461 914 quacunque
470 841 593 913 opulenta
603 843 707 898 reoeasit

71 919 152 990 regia,
164 915 275 990 fulgenti
285 915 422 986 splendent
431 933 495 970 auro
504 922 583 988 atque
592 925 708 989 argento.

73 991 173 1047 Candet
182 991 248 1046 ebur
257 990 339 1053 soliis,
351 989 581 1062 eolluoentpocula
589 1008 708 1048 mersae:

72 1073 124 1120 tota
132 1065 229 1120 domus
238 1063 336 1138 gaudet
344 1064 424 1138 regali
435 1063 571 1136 splendida
580 1081 655 1138 gaza.

72 1139 200 1194 Pulvinar
209 1156 273 1194 vero
280 1139 359 1194 divae
364 1138 467 1211 geniale
479 1139 578 1194 loeatur

73 1213 182 1268 sedibus
191 1213 220 1268 in
230 1213 334 1278 mediis,
346 1213 411 1268 lndo
421 1213 493 1285 quod
501 1213 578 1267 dente
586 1212 698 1283 politum

72 1289 153 1342 tincta
165 1287 230 1360 tegit
238 1303 311 1342 roseo
319 1287 441 1359 oonobylt
451 1304 569 1358 purpura
577 1285 647 1340 fuco.

73 1363 141 1416 Haeo
151 1362 243 1424 vestie,
253 1362 347 1432 priscis
357 1361 498 1415 bominum
507 1359 607 1415 variata
616 1360 719 1433 figuris,

73 1437 184 1491 heroum
194 1435 261 1490 mira
272 1436 381 1490 virtutes
392 1434 491 1488 indicat
498 1443 564 1490 arte.

74 1512 196 1581 Namque
205 1508 361 1564 fluentisono
369 1516 537 1580 prospectans
547 1507 621 1562 litore
629 1508 692 1564 Diae

74 1584 174 1638 Tbesea
181 1583 317 1638 cedentem
325 1582 401 1637 aeleri
409 1600 472 1638 cum
482 1582 565 1638 classe
573 1590 661 1637 tuetur

75 1658 218 1714 indomitos
228 1658 258 1714 in
266 1657 343 1712 eorde
351 1675 448 1730 gerens·
455 1657 571 1712 Ariadna
579 1656 680 1712 furores
688 1675 694 1724 3

75 1733 189 1787 neodum
199 1732 279 1789 etiam
287 1748 353 1796 sese,
365 1749 434 1803 quae
442 1731 514 1796 visit,
526 1731 610 1786 visere
619 1730 709 1795 eredit,

73 1814 162 1878 utpote
171 1805 257 1860 fallaci
267 1823 336 1878 quae
345 1813 402 1860 tum
412 1805 529 1876 primum
540 1805 624 1859 exeita
632 1820 726 1858 somno

73 1880 202 1936 desertam
213 1881 240 1933 in
251 1880 306 1935 sola
315 1879 439 1934 miseram
449 1897 478 1936 se
486 1880 569 1934 oernit
578 1896 667 1934 arena.

72 1957 215 2010 Immemor
225 1961 251 2008 at
261 1954 365 2010 iuvenis
373 1952 479 2029 fugiens
487 1953 562 2026 pellit
571 1953 638 2009 vada
647 1953 740 2019 remis,¹

72 2030 147 2084 irrita
157 2035 279 2084 ventosae
289 2027 413 2099 linquens
424 2030 552 2100 promissa
562 2026 698 2099 procellae,

72 2103 158 2170 Quem
168 2100 259 2174 procul
270 2120 304 2156 ex
313 2101 372 2174 alga
382 2105 490 2158 moestis
497 2103 593 2158 Minois
602 2101 700 2166 ocellis,

73 2195 151 2232 saxea
161 2184 192 2230 ut
200 2175 301 2248 effigies
310 2176 470 2242 bacchantis,
482 2177 615 2248 prospicit,
627 2192 699 2240 evoe,

72 2251 208 2322 prospicit,
219 2257 245 2304 et
254 2251 359 2322 maguis
368 2267 492 2305 curarum
501 2250 609 2304 fluctuat
618 2249 708 2315 undis,

74 2343 127 2380 non
136 2324 206 2380 tlovo
215 2324 330 2378 retinens
338 2324 464 2378 subtilem
475 2324 570 2379 vertice
579 2323 694 2387 mitram,

74 2416 126 2454 non
136 2405 253 2454 oonoeota
262 2397 314 2453 levi
327 2397 443 2454 velatum
452 2405 542 2470 peetus
555 2397 663 2462 amictu,

74 2489 126 2527 non
138 2474 211 2528 tereti
222 2472 340 2543 strophio
350 2471 471 2528 lactentes
482 2473 567 2528 vineta
577 2469 703 2542 papillas:

73 2548 162 2602 omnia
171 2563 243 2620 quae
251 2552 303 2600 toto
313 2545 418 2618 delapsa
428 2563 557 2618 eoorpore
565 2545 666 2618 passim

74 2621 158 2692 ipsius
168 2628 231 2678 ante
240 2619 321 2693 pedes
330 2619 426 2676 fluctus
434 2619 497 2678 salis
509 2620 670 2676 alludebant.

110 2696 221 2752 Caroea.
658 2694 681 2746 D
