2040 3030
292 141 364 201 LIB.
385 145 429 200 ΙΙΙ
471 145 585 200 ELEG.
608 147 661 202 [ΙΙ.
800 150 850 204 225

355 307 516 352 sesols
543 308 596 352 111.

99 392 192 456 Arma
201 399 268 455 deus
278 400 373 456 Caesar
382 399 450 454 dites
459 399 601 455 meditatur
610 398 644 454 ad
652 398 740 466 Indos,

12 481 13 498 i
139 482 165 530 et
173 473 236 530 irata
245 475 394 548 gemmiferi
405 474 504 529 findere
516 473 598 528 classe
606 475 697 528 maris.

99 549 198 622 Magna
208 549 387 604 viaemercas:
411 546 665 620 paratultimatarra
676 549 839 622 triumphos:

140 623 229 696 Tigris
237 630 262 678 et
270 623 418 695 Euphrates
428 623 480 677 suh
490 629 535 676 tua
545 622 603 676 iura
613 622 707 678 fluent:

100 697 178 753 Seres
188 705 213 752 et
222 695 348 754 Ausoniis
359 697 465 753 venient
475 697 610 768 provincia
620 697 717 770 virgis:
893 710 905 752 5

140 771 296 827 adsuescent
305 773 378 828 Latio
389 772 482 827 Partha
492 779 594 842 tropaea
604 771 671 828 lovi.

101 848 140 901 lte
149 847 227 919 agite,
240 855 360 919 expertae
369 846 439 902 bello
450 846 509 900 date
519 845 598 901 lintea
608 863 708 918 prorae,

140 929 165 976 et
175 920 283 976 solitum
293 921 417 996 armigeri
427 920 514 975 ducite
526 938 626 975 munus
636 921 708 993 equi.

102 995 199 1050 Omina
209 994 295 1050 fausta
304 1013 380 1052 canc.
419 995 527 1051 Crassos
537 995 677 1068 cladesque
686 996 769 1069 piata:

140 1070 184 1135 ite,
196 1078 221 1126 et
229 1071 361 1127 Romanae
371 1071 500 1125 consulite
509 1071 642 1124 hisauriae.
880 1081 905 1124 1⁰

101 1145 173 1200 Mars
183 1152 265 1215 pater,
276 1155 301 1199 et
310 1162 399 1200 sacrae
408 1144 496 1199 fatalia
507 1144 609 1198 lumina
623 1145 723 1210 Vestae,

140 1226 200 1273 ante
210 1235 282 1272 meos
291 1220 380 1273 obitus
390 1219 433 1283 sit,
448 1234 547 1290 precor,
559 1217 604 1270 ilia
614 1217 680 1282 dies,

102 1309 157 1365 qua
167 1291 272 1347 videam
283 1292 376 1363 spoliis
384 1302 489 1346 onerato
498 1291 616 1345 Caesaris
625 1308 675 1344 axe

141 1366 175 1420 ad
185 1365 259 1439 vulgi
270 1366 381 1437 plausus
391 1382 468 1436 saepe
478 1365 597 1418 resistcre
608 1381 705 1436 equcs;

102 1441 186 1512 inque
195 1440 257 1495 sinu
267 1457 341 1495 carae
351 1441 432 1495 nixus
441 1447 556 1510 spectare
566 1437 669 1510 puellae
880 1451 905 1493 15

141 1515 277 1586 incipiam,
290 1523 315 1570 et
325 1515 409 1569 titulis
419 1512 515 1585 oppida
525 1521 600 1584 capta
613 1511 712 1585 legam

102 1588 153 1644 tela
163 1588 264 1664 fugacis
274 1591 347 1662 equi,
359 1598 384 1644 et
393 1589 505 1643 braccati
515 1587 608 1643 militis
618 1604 705 1652 arcus,

140 1671 166 1718 et
176 1665 266 1718 subter
274 1671 362 1736 captos
371 1681 445 1718 arma
453 1663 544 1718 sedere
552 1663 643 1717 ducas.

104 1739 163 1810 Ipsa
174 1745 248 1793 tuam
258 1755 333 1792 serva
343 1736 452 1809 prolem,
469 1738 574 1794 Venus:
594 1735 726 1790 hocsitin
736 1750 841 1801 aevum,

141 1812 226 1866 cernis
236 1812 269 1866 ab
279 1812 365 1867 Aenea
374 1811 447 1884 quod
456 1829 593 1884 superesse
602 1818 689 1882 caput.
879 1820 905 1862 rc

104 1885 201 1942 Praeda
211 1887 319 1942 sithaec
329 1887 392 1953 illis,
404 1904 518 1959 quorum
538 1903 658 1941 meruere
668 1885 783 1941 labores:

140 1965 178 2016 mi
189 1969 229 2016 sat
238 1963 287 2016 erit
296 1963 372 2017 Sacra
382 1962 507 2034 plaudere
516 1979 593 2033 posse
602 1962 661 2018 Via.

103 2037 177 2091 Pacis
186 2036 268 2091 Amor
277 2037 344 2092 deus
353 2045 399 2101 est,
411 2054 502 2108 pacem
513 2053 670 2092 veneramur
680 2041 807 2089 amantes.

140 2110 214 2165 Stant
223 2112 291 2167 mihi
301 2129 363 2167 cum
374 2111 480 2167 domina
489 2111 586 2183 proelia
596 2109 662 2165 dura
672 2126 741 2163 maa.

103 2185 162 2238 Non
173 2191 260 2240 tamen
271 2187 358 2240 inviso
368 2193 458 2257 pectus
468 2186 534 2239 mihi
545 2185 661 2256 carpitur
671 2199 744 2247 auro,
879 2192 905 2235 25

141 2275 189 2311 nec
197 2258 405 2330 bibitegemma
415 2259 497 2313 divite
506 2267 594 2313 neutra
604 2258 676 2311 sitis:

104 2348 152 2386 nec
161 2331 229 2385 mihi
240 2332 313 2386 mille
322 2333 393 2406 iugis
403 2332 547 2403 Campania
558 2332 667 2404 pinguis
678 2337 775 2396 aratur,

142 2421 189 2459 nec
199 2407 280 2460 miser
288 2424 347 2462 aera
356 2424 420 2479 parc
429 2406 510 2471 clade,
522 2405 655 2471 Corinthe‚
668 2413 723 2460 tua.

104 2478 220 2551 Oprima
232 2480 324 2536 infelix
335 2481 444 2555 fingenti
455 2490 521 2537 terra
532 2481 697 2536 Prometheo:

141 2553 185 2609 ilie
194 2573 289 2627 parum
299 2557 369 2612 cauti
378 2556 489 2629 pectoris
499 2556 553 2630 egit
561 2573 643 2628 opus:
878 2564 904 2608 ac

104 2630 375 2762 ωτὲἰτῗιῗεροιιοηε,
387 2639 502 2689 mantem
514 2649 567 2687 uon
578 2630 646 2686 vidit
655 2630 683 2685 in
697 2637 761 2759 arpa.

989 2563 1008 2616 Α
