2020 3036
278 151 486 210 clulssNUu
505 154 630 211 LIBER.
792 161 822 212 ol

77 261 168 328 Quum
177 261 669 333 saevumoupienseontraoontendere
678 273 827 320 monstrum

76 343 123 390 aut
131 341 243 390 mortem
252 343 382 407 oppeteret
391 336 518 401 Theseus,
530 343 576 390 aut
584 339 700 408 praemia
711 338 806 406 laudis,

76 426 130 464 non
140 410 253 483 ingrata,
265 417 352 464 tamen
362 408 467 475 instra,
479 409 639 466 munuscula
648 411 718 467 divis

73 483 242 554 promittens,
252 484 330 538 tacito
338 483 478 556 suspendit
486 491 546 540 vota
556 483 660 540 labello.

74 559 145 612 Nam
156 556 265 612 velutin
276 574 383 612 summo
392 559 553 629 quatientem
563 557 670 614 brachia
680 561 765 616 Tauro
840 575 879 618 los

74 648 217 703 quereum,
228 639 274 686 aut
282 631 433 704 conigeram
442 632 548 687 sudanti
558 633 651 687 eortioe
660 635 764 705 pinum,

74 705 224 761 indomitus
233 705 311 760 turbo
320 714 495 778 contorquens
504 705 609 761 flamine
619 708 700 763 robur

73 781 157 834 eruit:
180 777 226 833 illa
233 778 325 851 procul
335 779 468 835 radicibus
478 781 614 836 exturbata

72 869 159 925 prona
168 852 246 918 eadit,
258 852 309 908 lats
317 871 371 926 qua
381 862 420 909 est
429 855 552 925 impetus,
563 855 641 911 obvia
651 855 788 932 mungens:

73 929 115 982 sic
124 927 224 983 domito
234 945 344 982 saevum
353 929 493 1001 prostravit
502 945 608 1002 eorpora
616 930 742 996 Theseus,
839 944 878 986 11⁰

74 1001 261 1074 nequidquam
271 1002 348 1057 vanis
356 1001 494 1057 iactantem
504 1020 601 1059 oornua
610 1006 706 1060 uentis.

73 1075 244 1146 Indepedem
252 1076 336 1132 vietor
345 1075 589 1133 multaoumlaude
597 1077 706 1145 reflexit,

72 1150 225 1204 errabunda
235 1167 329 1224 regens
339 1151 412 1206 tenui
422 1151 532 1224 vestigia
542 1150 599 1207 filo:

73 1241 108 1279 ne
118 1222 440 1296 labyrintheiseflexibus
448 1226 623 1298 egredientem

72 1298 136 1352 teeti
145 1297 314 1354 frustraretur
324 1299 525 1354 inobservabilis
534 1317 615 1354 error.
838 1313 876 1356 115

72 1371 127 1426 Sed
135 1371 204 1444 quid
212 1389 271 1445 ego,
284 1373 395 1444 aprimo
404 1373 540 1447 digressus
549 1375 672 1439 earmina,
684 1374 760 1445 plura

72 1445 297 1501 commemorem?
315 1454 345 1502 ut
354 1447 480 1519 linquens
489 1447 614 1520 genitoris
629 1447 683 1503 filia
694 1448 803 1512 voltum,
813 1491 816 1494 „

38 1527 42 1534 '
73 1528 103 1575 ut
113 1521 326 1594 consanguineos
335 1521 512 1592 complexum,
524 1529 554 1576 ut
563 1521 678 1596 denique
687 1524 787 1586 matris,

72 1612 144 1667 quae
154 1595 250 1649 misera
260 1595 288 1649 in
298 1603 377 1667 gnata
386 1595 519 1668 deperdita
529 1595 595 1651 laeta
607 1636 698 1652 .....

71 1667 201 1723 omnibus
210 1669 254 1722 his
263 1668 355 1723 Thesei
365 1668 470 1724 duloem
480 1671 783 1741 praeoptaretamorem‘?
838 1684 875 1725 tao

71 1751 120 1798 aut
129 1749 160 1798 ut
170 1750 242 1797 vecta
252 1743 315 1798 ratis
325 1760 450 1814 spumosa
460 1744 494 1798 ad
503 1743 576 1798 litora
585 1743 666 1798 Diaei

71 1823 119 1872 aut
128 1823 160 1871 ut
168 1833 229 1870 eam
239 1814 326 1891 [tristi]
337 1817 486 1873 devinctam
496 1815 598 1872 lumina
607 1834 700 1873 somno

71 1890 184 1963 liquerit
193 1889 342 1946 immemori
352 1891 489 1946 disoedens
498 1900 600 1964 pectore
608 1891 724 1948 ooniux?

69 1965 156 2036 Saepe
165 1963 239 2019 illam
249 1965 388 2036 perhibent
397 1966 497 2020 ardenti
507 1967 584 2022 oorde
592 1966 722 2022 furentem

69 2038 618 2112 clarisonasimofudisseepeotorevooes
837 2051 875 2093 125

69 2131 101 2166 ao
110 2121 172 2168 tum
181 2122 336 2184 praeruptos
346 2120 447 2168 tristem
456 2117 627 2170 oonsoendere
637 2123 747 2180 montes,

70 2187 144 2242 unde
154 2187 239 2242 aciem
249 2187 277 2241 in
288 2187 374 2260 pelagi
384 2198 470 2243 vastos
478 2188 642 2261 protenderet
651 2197 750 2244 aestus:

70 2269 130 2315 tum
140 2259 250 2315 tremuli
260 2261 323 2316 salis
333 2261 456 2316 adversas
464 2279 617 2333 prooaurero
625 2264 654 2317 in
664 2263 749 2318 undas

71 2334 163 2390 mollia
174 2333 289 2390 nudatae
297 2334 429 2390 tollentem
436 2337 552 2408 tegmina
562 2353 650 2391 surae:

70 2417 152 2482 atquo
161 2409 229 2464 haeo
237 2410 362 2464 extremis
371 2417 498 2465 moestam
507 2410 608 2465 dixisse
616 2410 740 2484 querelis,
837 2418 875 2460 rao

69 2481 216 2556 frigidulos
224 2481 279 2537 udo
288 2482 475 2556 singultusore
484 2485 608 2540 aientem:

70 2557 194 2612 »Siooine
204 2573 249 2610 me
257 2557 350 2628 patriis
360 2565 485 2623 avertam,
497 2558 605 2629 perfide,
617 2559 722 2623 eboris,

70 2631 181 2702 perfide,
194 2631 297 2686 deserto
306 2631 409 2702 liquisti
418 2633 446 2687 in
456 2631 538 2698 litore,
550 2632 671 2688 Theseu?
