2020 3036
195 160 228 216 62
481 159 650 216 CATULLl

231 263 278 320 sed
287 262 374 319 fratris
384 266 438 322 cari
446 264 532 322 flebile
541 267 703 323 discidium?

193 338 284 406 Quum
293 339 399 409 penitus
407 348 519 396 monetas
528 342 615 397 exedit
624 360 686 398 cura
696 341 839 411 medullam

231 420 261 467 ut
270 413 319 468 tihi
328 419 453 469 tunutoto
461 423 563 486 pectere
570 415 695 471 sollicitae

139 497 165 542 25
195 486 318 542 sensibus
328 489 423 560 ereptis
433 506 509 544 mene
518 490 628 545 exciditl
649 490 776 562 Atteego
785 497 853 545 oerte

231 577 372 634 eognoram
382 579 397 616 a
406 579 489 633 parva
499 564 603 636 virgine
613 565 822 636 magnanimum.

193 634 269 690 hune
282 635 383 690 bouum
395 635 476 692 oblita
489 654 518 692 es
530 637 647 704 lacinus,
666 655 720 710 quo
732 639 836 711 regium
849 638 942 710 adepta

687 729 715 766 es

230 783 395 855 eoniugium
408 783 481 855 quod
490 801 543 839 non
553 783 643 840 fortior
652 787 722 841 ausit
731 785 799 841 alis‘l

193 855 245 912 Sed
257 863 316 911 tum
328 865 427 912 moesta
439 858 528 914 virum
540 860 660 926 mittens,
676 878 745 932 quae
760 860 839 916 verba
856 858 942 915 loeuta

139 1015 165 1058 3⁰
233 1005 358 1077 luppiter,
370 1013 400 1060 ut
409 1007 477 1061 trlsti
487 1006 589 1062 lumina
599 1025 676 1080 saepe
686 934 781 1064 hlaluul

193 1078 295 1146 Quiete
304 1080 417 1134 mutavit
427 1088 515 1136 tantus
526 1081 610 1137 deus‘l
629 1100 662 1137 an
673 1082 745 1156 quod
756 1090 872 1138 amantea

232 1169 285 1208 non
295 1152 395 1226 longer
407 1171 467 1210 caro
475 1156 681 1228 eorporeaheeee
690 1155 803 1212 volunt?

193 1226 281 1299 Atque
290 1227 328 1282 ihi
338 1245 381 1282 me
390 1230 491 1284 eunetis
500 1248 549 1302 pro
558 1230 630 1285 dulci
639 1231 751 1305 ooniuge
760 1230 831 1286 divis

231 1318 284 1356 uon
294 1302 352 1358 eine
363 1305 465 1358 taurino
475 1306 606 1378 sanguine
615 1304 730 1376 pollicita
739 1322 776 1371 es,

140 1385 165 1428 35
194 1375 218 1430 ei
228 1375 343 1431 reditum
353 1377 494 1432 tetulissetl
510 1381 536 1432 la
546 1379 611 1434 haut
621 1380 649 1434 in
659 1387 776 1452 tempore
785 1379 864 1452 longo

231 1457 334 1524 captam
345 1451 436 1506 Asiam
446 1453 560 1527 Aegypti
571 1454 670 1508 finibus
681 1453 824 1509 addiderat.

194 1522 275 1590 Queis
284 1541 333 1598 ego
342 1524 474 1596 profectis
483 1527 586 1582 eoelesti
595 1528 697 1582 reddita
704 1535 778 1583 eoetu

231 1598 343 1669 pristina
353 1607 412 1655 vota
423 1618 492 1656 novo
502 1619 611 1657 munere
621 1601 748 1658 dissoluo.

195 1672 289 1738 Invita,
303 1675 428 1747 megine,
441 1682 487 1730 tuo
496 1675 529 1731 de
538 1677 634 1735 uertiee
643 1677 720 1744 oessi,

139 1753 166 1799 tu
233 1747 436 1804 iuvita:adiur0
444 1757 523 1822 teque
531 1758 663 1823 tuumque
672 1759 759 1824 eaput,

195 1819 350 1895 dignalerat
359 1823 465 1896 quodsi
474 1825 536 1895 quis
545 1826 659 1880 inaniter
669 1825 805 1880 adiurarit.

231 1894 283 1950 Sed
293 1897 340 1968 qui
350 1915 379 1952 ee
388 1896 455 1951 ferro
463 1897 578 1967 postulet
586 1915 643 1951 esse
652 1896 761 1968 parem?

195 1968 241 2024 llle
254 1987 362 2042 quoque
375 1987 482 2025 eversus
497 1987 574 2023 mons
587 1979 639 2034 est,
657 1987 738 2054 quem
752 1967 902 2024 maximum
916 1973 944 2028 in

686 2059 740 2096 orus

230 2116 368 2189 progenies
378 2115 459 2168 Thiae
468 2114 538 2169 clara
547 2116 745 2187 supervehitur:

140 2198 166 2244 t5
196 2207 282 2263 quum
295 2187 365 2242 Medi
378 2205 500 2259 peperere
514 2206 614 2245 novum
635 2208 720 2246 mare:
741 2205 882 2262 quumque
902 2193 945 2249 iu-

688 2273 782 2321 ventus

231 2353 278 2408 per
287 2335 405 2391 medium
415 2336 493 2392 classi
502 2338 614 2394 barbara
624 2341 698 2396 navit
706 2339 803 2395 Athon.

194 2410 266 2477 Quid
275 2409 472 2478 lacieuterinee‚
485 2431 572 2485 quum
581 2413 649 2470 lerru
657 2414 719 2470 talia
728 2412 840 2470 cedant?

232 2485 356 2556 luppiter,
368 2494 398 2541 ut
407 2486 557 2561 Chalybum
568 2505 648 2544 omne
656 2507 741 2563 genus
750 2489 851 2561 pereat!

195 2566 221 2614 et
230 2560 278 2632 qui
287 2560 417 2633 principio
426 2562 553 2618 subterra
563 2580 688 2635 quaerere
697 2581 778 2619 venae

141 2644 167 2687 eu
234 2635 336 2702 institit,
348 2653 379 2692 ae
388 2634 449 2692 ferri
459 2637 557 2711 fingere
566 2637 700 2694 duritiem.
