2030 3036
206 175 239 228 28
495 169 666 225 CATULLl

206 277 273 332 Sesti
286 294 399 348 reoepso,
414 277 481 348 quin
494 279 664 350 gravedinem
678 286 703 332 et
715 279 810 336 tussim

152 363 177 405 20
206 370 259 406 non
273 355 320 417 mi,
335 351 379 405 sed
395 351 444 422 ipsi
458 351 540 408 Sestio
552 351 616 407 ierat
628 351 722 426 frigus,

206 426 253 497 qui
266 433 330 480 tuno
343 434 417 481 vocat
430 443 480 490 me,
496 444 581 499 quum
595 426 696 483 malum
709 427 772 502 legit
785 426 895 484 librum.

313 554 840 600 XLV.DEACMEETSEPT1M10.

280 638 387 701 Acmen
400 645 552 718 Septimius,
568 663 630 700 suos
643 663 753 710 amores,

243 729 334 776 tenens
346 721 376 775 in
387 721 497 793 gremio,
512 720 578 785 llea,
593 721 690 792 inquit,
705 727 796 788 Acme,

243 796 272 850 ni
285 803 310 851 te
320 794 421 866 perdite
433 811 501 859 amo,
517 801 595 866 atque
607 812 696 850 amare
707 813 786 867 porro

242 887 333 925 omnes
346 887 406 924 sum
419 868 525 924 assidue
535 876 642 940 paratus
655 887 748 936 annos,

243 951 374 1029 quantum
388 944 435 1014 qui
448 951 507 1015 pote
518 943 667 1015 plurimum
680 946 774 1017 perire,

242 1017 334 1074 solus
327 1037 355 1072 m
367 1017 451 1104 Libya
464 1017 572 1073 Indiave
583 1025 649 1074 tosta

242 1093 326 1148 caesio
338 1093 444 1148 veniam
456 1092 553 1148 obvius
566 1093 644 1149 leoni.

241 1169 295 1222 Hoo
306 1175 336 1221 ut
347 1167 424 1233 dixit,
439 1166 529 1233 Amor,
542 1169 677 1224 sinistram
690 1178 802 1234 utente,

240 1242 360 1297 dextram
373 1243 484 1297 sternuit
496 1244 719 1315 approbationem.

239 1317 274 1372 At
282 1316 363 1372 Acme
376 1317 467 1373 leviter
479 1325 557 1390 eaput
569 1317 710 1383 reflectens,

241 1399 266 1446 et
278 1391 364 1446 duleis
376 1393 452 1464 pueri
465 1393 552 1449 ebrios
564 1393 658 1450 ooellos

242 1465 287 1521 illo
298 1483 432 1538 purpureo
444 1483 488 1522 ora
500 1468 608 1532 saviata,

241 1541 293 1605 Sic,
308 1541 406 1614 inquit,
421 1559 479 1596 mea
492 1542 546 1596 vita
558 1539 712 1611 Septimille,

138 1647 140 1650 -
239 1615 303 1671 huia
315 1634 370 1672 uno
381 1615 489 1670 domino
501 1631 600 1700 psque
600 1614 756 1677 serviamus,

239 1697 269 1745 ut
281 1690 365 1746 multo
377 1691 445 1744 mihi
455 1689 538 1743 maior
548 1688 684 1760 acriorque

239 1765 310 1838 ignis
323 1763 449 1819 mollibus
461 1763 554 1819 ardet'
546 1781 575 1818 in
588 1760 719 1816 medullis.

239 1841 293 1894 lloo
304 1847 334 1894 ut
346 1838 422 1903 dixit,
437 1837 527 1902 Amor,
542 1837 677 1892 sinistram
688 1842 798 1899 utente,

239 1912 358 1968 dextram
371 1911 482 1966 sternuit
494 1910 716 1982 approbationem

239 1989 317 2044 Nunc
329 1987 362 2043 ab
374 1985 492 2057 auspicio
503 1985 573 2039 bono
584 1982 701 2056 proleoti,

237 2062 339 2116 mutuis
351 2059 448 2115 animis
461 2065 559 2124 amant,
574 2066 705 2113 amantur.

238 2137 323 2191 Unam
336 2134 479 2204 Septimius
493 2133 613 2188 misellus
625 2132 724 2188 Acmen

238 2209 348 2273 mavult,
362 2224 444 2279 quam
457 2207 548 2282 Syrias
560 2208 775 2281 Britanniasque:

238 2301 292 2339 uno
305 2284 332 2338 in
346 2282 471 2356 Septimio
485 2282 570 2339 fidelis
582 2284 663 2340 aomo

237 2358 298 2413 iacit
310 2357 416 2414 delicias
429 2358 617 2433 libidinesque

237 2431 303 2500 Quis
316 2432 385 2488 ullos
396 2433 517 2491 homines
529 2435 656 2491 beatiores

237 2507 322 2563 vidit?
333 2509 395 2582 quis
407 2509 534 2566 Venerem
547 2506 765 2583 auspicatiorem‘l
