2030 3036
199 141 230 193 lt

484 133 654 190 CATULLI

390 313 450 358 XV·
475 315 523 359 Au
544 316 746 360 eunonium.

274 381 442 444 Commendo
455 391 502 444 tihi
516 407 559 444 me
572 406 601 444 ac
613 407 685 444 meos
698 409 808 454 amores

235 463 335 518 Aureli.
375 464 485 521 Veniam
497 472 555 536 peto
569 463 720 536 pudentem,

234 548 272 602 ut,
288 540 311 592 si
323 538 471 610 quidquam
485 540 574 594 animo
587 545 631 593 tuo
643 540 747 610 cupisti,

235 613 307 685 quod
320 620 422 666 eastum
435 621 567 684 expeteres
579 620 604 666 et
616 614 779 685 integellum,

143 702 151 726 Γ
234 704 371 742 conserves
384 704 497 759 puerum
510 687 577 740 mihi
589 686 697 756 pudice:

235 779 287 817 non
300 762 359 815 dico
372 778 386 815 a
398 759 510 832 populo:
532 759 599 814 nihil
613 777 735 814 veremur

236 837 309 899 istos,
324 835 371 907 qui
384 835 412 889 in
425 834 508 906 platea
521 834 599 889 modo
611 834 672 898 huc,
688 834 766 892 modo
778 835 842 890 illuc

235 913 262 964 in
276 927 304 964 re
315 916 479 981 praetereunt
490 926 538 962 sua
551 909 682 981 occupati:

235 1002 328 1040 verum
342 1002 357 1038 a
370 991 395 1036 te
408 991 503 1048 metuo,
519 991 617 1055 tuoque
629 1001 705 1055 pone,

234 1059 327 1114 infesto
339 1059 428 1130 pueris
441 1058 518 1112 bouis
530 1058 670 1130 malisque.

233 1134 318 1200 Quem
332 1141 370 1197 tu,
385 1150 438 1204 qua
452 1130 532 1197 lubet,
548 1140 578 1187 ut
591 1133 671 1198 lubet,
688 1142 799 1199 moveto,

234 1215 364 1281 quantum
378 1204 428 1272 iis,
444 1207 491 1261 ubi
504 1208 552 1262 erit
564 1207 627 1262 foris
640 1218 770 1279 paratum.

233 1285 310 1338 Hunc
321 1300 407 1337 unum
420 1283 531 1354 excipio,
547 1291 577 1336 ut
588 1292 661 1354 puto,
677 1283 812 1354 pudenter.

232 1357 344 1424 Quodsi
357 1365 382 1412 tc
394 1357 463 1413 mala
476 1375 551 1412 mens
564 1357 689 1430 furorque
701 1375 790 1412 vecors

154 1447 163 1469 ⁷
232 1433 258 1486 in
272 1441 370 1488 tantam
383 1430 526 1504 impulerit,
541 1432 654 1496 scelesto,
669 1431 783 1501 culpam,

232 1516 262 1562 ut
275 1516 394 1561 nostrum
408 1506 512 1560 insidiis
525 1513 603 1575 caput
616 1504 740 1570 lacessas,

233 1583 265 1636 ah
279 1590 336 1636 tum
351 1590 375 1635 te
387 1581 514 1634 miserum
528 1578 644 1650 malique
656 1577 715 1631 lati!

231 1674 311 1728 quem
324 1654 438 1710 attractis
451 1651 574 1724 pedihus,
588 1659 691 1724 patente
703 1660 785 1722 porta,

232 1738 384 1803 percurrant
396 1727 560 1800 raphanique
573 1724 748 1800 mugilesque.

271 1855 346 1900 XVI.
371 1859 417 1900 AD
435 1855 628 1901 AURELIUlll
648 1853 695 1896 ΕΤ
716 1853 865 1898 nonium.

267 1942 416 2003 Paedicaho
428 1963 476 2019 ego
491 1964 536 2001 vos
549 1953 574 2000 et
587 1945 731 2009 irrumabc‚

230 2023 319 2077 Aureli
332 2022 435 2092 pathice
446 2028 472 2074 et
483 2020 590 2075 cinaede
601 2021 675 2084 Furi,

229 2097 277 2168 qui
291 2114 332 2150 me
345 2113 378 2149 ex
392 2093 528 2149 versiculis
542 2095 608 2150 meis
620 2095 727 2164 putatis,

229 2170 302 2242 quod
314 2172 369 2224 sint
380 2168 516 2233 molliculi,
531 2187 624 2241 parum
638 2169 776 2241 pudicum.

137 2261 146 2300 ῑ
228 2247 295 2299 Nam
308 2254 410 2300 castum
423 2261 479 2299 esse
491 2244 564 2299 decet
576 2245 651 2316 pium
665 2252 768 2316 poetam

230 2321 332 2391 ipsum:
355 2319 497 2375 versiculos
510 2319 578 2374 nihil
591 2336 696 2374 necesse
710 2329 762 2387 est,

228 2396 275 2467 qui
288 2403 346 2450 tum
359 2395 474 2468 denique
486 2395 583 2450 habent
595 2393 677 2450 salem
691 2411 721 2450 ao
733 2395 856 2467 leporem.

228 2471 251 2525 si
263 2479 326 2527 sunt
339 2470 467 2526 molliculi
478 2488 509 2527 ac
520 2489 615 2543 parum
628 2471 728 2543 pudici,

228 2556 261 2611 et,
277 2546 349 2620 qnod
361 2548 471 2620 pruriat,
487 2547 594 2602 incitare
608 2555 732 2618 possunt;

227 2639 280 2678 non
293 2622 351 2679 dico
363 2624 462 2696 pueris,
478 2622 523 2678 sed
537 2623 579 2676 his
592 2621 692 2694 pilosis,
