2040 3030
251 139 322 192 LlB.
344 139 381 193 ll.
411 138 524 193 ELEG.
546 139 631 192 XXV
770 141 820 196 2⁴7

72 255 118 302 eut
129 264 177 300 nos
187 263 202 299 e
211 252 298 300 nostre
309 253 343 310 te,
355 263 442 310 saeve,
454 244 608 318 fugabimus
616 246 696 301 urbe·

111 337 173 374 oum
185 319 588 392 TibcriNilogretianulleluit.
849 332 874 373 2⁰

73 397 107 450 At
117 403 155 458 tu,
168 411 236 465 queo
247 401 334 448 nostro
344 394 458 448 nimium
468 393 568 464 placete
577 393 665 448 dolore
674 411 711 458 ee,

111 468 233 523 noctibus
243 467 286 521 his
296 468 373 522 venui
384 475 422 522 ter
432 467 559 522 faciemus
570 468 626 522 iter.

74 542 230 606 Nouanus,
244 550 269 595 ct
279 541 358 596 verbe
368 541 435 596 sinis
444 558 501 597 mee
510 541 608 606 ludere,
620 558 706 614 quum
717 543 769 596 inm

112 616 215 670 flectent
225 614 300 670 lterii
309 615 395 671 sidere
405 615 476 670 tarde
487 616 577 671 boveS.

75 693 156 745 Lente
166 690 250 744 bibis:
273 689 374 744 medice
383 689 681 763 nequeuntlelrengere
691 697 787 744 uoctee.
851 701 876 743 25

112 765 154 820 An
165 763 284 819 nondum
294 772 333 818 eet
342 763 408 818 telos
419 765 521 820 mittere
530 764 597 820 lesse
609 763 723 820 manus?

75 838 118 894 Ah
127 845 223 910 pereat,
236 838 391 911 quicunque
400 855 515 896 meracas
525 839 619 911 reperit
627 857 704 903 uvas,

113 913 281 984 corrupitque
291 913 373 969 bonus
384 922 485 969 nectare
494 915 597 986 primus
607 931 699 986 eques.

76 990 155 1052 lente,
167 986 298 1060 Cecropiis
309 988 401 1044 merito
412 988 528 1062 iugulate
537 988 645 1052 colonie,

113 1061 279 1134 pampineus,
292 1063 369 1128 noeti,
381 1080 463 1135 quern
473 1065 508 1118 sit
517 1081 622 1120 emerus
632 1063 706 1118 odor.
852 1071 877 1115 eu

77 1137 117 1190 Tu
126 1153 243 1209 quoque,
254 1137 419 1210 oEurytion,
432 1139 504 1202 vino,
518 1137 654 1202 Centaure,
666 1137 770 1208 peristi:

114 1227 163 1265 nec
172 1227 225 1265 non
236 1211 344 1265 lemerio
352 1217 392 1275 tu,
404 1210 574 1284 Polypheme,
589 1229 670 1266 mero.

79 1286 145 1340 Vino
155 1283 238 1338 forma
246 1285 321 1354 perit,
333 1285 396 1339 vino
406 1285 583 1354 corrumpitur
591 1293 674 1351 eetes3

115 1358 179 1413 vino
188 1373 264 1428 saepe
272 1374 352 1411 suum
363 1357 446 1411 nescit
455 1359 538 1412 emico
553 1359 651 1412 virum.

78 1434 119 1489 Me
129 1431 265 1496 miserum,
278 1437 307 1485 ut
316 1430 399 1486 multo
409 1431 477 1486 nihil
488 1439 527 1486 est
535 1439 634 1486 mutila
645 1433 744 1504 Lyaeo!
852 1441 879 1486 35

115 1509 171 1562 lem
180 1505 255 1560 bibe:
276 1504 389 1560 formose
399 1523 441 1560 es:
462 1506 500 1560 nil
513 1506 561 1560 tibi
573 1507 634 1560 vine
645 1515 747 1560 nocent.

78 1581 166 1648 Quum
178 1588 222 1635 tue
234 1579 410 1651 praependent
418 1579 547 1636 demissae
559 1581 586 1635 in
596 1579 689 1652 pocula
699 1588 789 1645 sertee,

116 1664 141 1709 et
150 1671 208 1709 men
217 1654 328 1709 deductu
336 1654 453 1710 carmine
463 1672 526 1710 voce
536 1653 617 1728 legis;

79 1730 178 1802 largius
188 1727 270 1782 effuso
279 1727 382 1783 madeat
390 1728 438 1782 tihi
451 1746 542 1784 menen
552 1727 671 1793 Falerno,

116 1810 352 1874 spumeteteurete
362 1801 506 1858 molliusin
519 1803 608 1858 colice.
851 1807 878 1855 lt

79 1876 158 1933 Nulla
168 1885 254 1932 temen
266 1876 329 1932 lecto
338 1877 430 1949 recipit
438 1895 467 1932 ee
475 1877 531 1933 ecla
540 1877 662 1932 libenter:

116 1960 155 2007 eet
164 1951 301 2023 quiddam,
313 1952 386 2024 quod
397 1970 443 2008 voe
452 1970 578 2025 quaerere
587 1961 662 2025 cogat
671 1951 760 2006 Amor.

10 2029 11 2036 ’
79 2027 186 2099 Semper
197 2027 223 2081 in
234 2027 353 2082 absentee
362 2026 461 2082 felicior
470 2035 557 2083 aestus
567 2034 696 2084 ementes:

116 2101 200 2156 elevet
208 2100 327 2158 assiduos
335 2102 409 2173 copie
420 2101 496 2176 longe
507 2102 589 2157 viros.

310 2229 471 2272 neuen
499 2228 586 2272 XXV.

81 2311 140 2375 Cur
150 2318 295 2391 quisquam
304 2316 396 2372 faciem
407 2318 529 2374 dominae
538 2319 591 2374 iem
601 2318 688 2374 credet
700 2315 802 2374 emioo‘l

117 2393 160 2448 Sic
169 2402 254 2465 erepta
266 2393 332 2447 mihi
343 2409 424 2464 paene
433 2393 522 2465 puella
532 2408 589 2448 mee
601 2401 649 2448 est.

79 2472 211 2542 Expertus
221 2467 288 2532 dico,
300 2485 377 2524 nemo
386 2477 426 2524 est
435 2469 462 2524 in
473 2486 561 2524 amore
571 2467 666 2524 fidelis.

117 2544 270 2599 Formosum
280 2560 339 2598 raro
347 2561 400 2599 non
410 2544 462 2600 sibi
472 2543 588 2616 quisque
597 2543 671 2615 petit.

80 2617 175 2673 Polluit
185 2617 229 2676 ille
237 2617 303 2676 deus
312 2627 444 2694 cognatos,
456 2619 536 2675 solvit
543 2619 649 2684 amicos,
