2028 3034
214 152 246 204 66
494 149 666 206 CATULLI

212 272 260 310 nec
271 257 401 328 populum
414 257 574 314 auscultare:
589 259 637 314 sed
649 259 713 314 huic
724 260 821 316 srdiixa
836 263 920 336 tigillo

157 336 184 382 te
250 338 352 385 tantum
361 332 463 404 operire
474 332 542 387 seles
553 341 598 388 aut
610 335 711 404 aperire
722 334 869 390 domum‘ia

141 404 144 409 “
212 404 294 477 Saepe
306 405 380 460 illam
393 407 484 461 audivi
498 407 596 462 furtiva
610 425 672 463 voce
685 408 837 481 loquentem

250 478 333 534 sciam
346 480 467 535 Caeciliis
480 480 544 536 haec
556 499 605 536 sua
618 481 725 555 flagitia,

221 555 328 609 nomine
340 555 469 610 dicentem
481 573 549 627 ques
561 556 696 612 diximus:
711 565 801 628 utpote
813 576 882 630 quae
893 567 930 615 mi

250 637 336 700 speret
345 647 394 684 nec
406 629 527 704 linguam
539 647 605 695 esse,
620 648 668 686 nec
679 632 837 688 auriculam.

158 716 184 762 45
214 709 345 762 Praeterea
357 703 470 758 addebat
481 703 634 776 quemdam,
649 723 729 776 quem
742 706 829 761 dicere
841 709 902 762 nolo

251 780 366 843 nomine,
382 796 415 832 ne
428 778 500 833 tollat
512 778 593 833 rubra
606 780 756 850 supercilia.

214 859 322 928 Longus
332 853 411 907 home
423 860 472 917 est,
487 869 598 926 magnas
610 855 675 925 quoi
689 854 747 909 lites
761 855 849 910 intulit
858 856 923 910 olim

251 929 348 984 falsum
361 927 482 982 mendaci
496 935 586 983 ventre
597 931 779 1000 puerperium.
999 931 1002 946 “

299 1054 432 1098 uxvur.
463 1055 510 1098 di)
540 1055 690 1101 numum
723 1057 875 1102 epulum.

214 1141 298 1216 Quod
311 1148 378 1202 mihi
390 1146 494 1202 fortuna
507 1165 624 1220 casuque
635 1166 777 1220 oppressus
790 1151 883 1206 acerbe

250 1223 427 1294 conscriptum
438 1222 487 1276 hec
500 1222 625 1298 lacrymis
637 1225 720 1278 mittis
730 1224 890 1296 epistolium,

214 1297 534 1371 naufragumut,eiectum
542 1299 729 1370 spumantibus
738 1301 859 1371 aequoris
868 1300 960 1364 undis,

250 1372 396 1438 sublevem,
412 1380 437 1426 et
450 1391 464 1427 a
478 1374 570 1428 mortis
583 1372 676 1428 limine
687 1374 836 1442 restituam3

159 1461 171 1502 5
213 1464 293 1520 quem
307 1464 394 1519 neque
402 1454 492 1502 sancta
501 1448 590 1503 Venus
602 1447 675 1502 molli
685 1449 847 1520 requiescere
856 1467 959 1514 somno,

250 1522 382 1577 desertum
396 1522 423 1576 in
438 1521 502 1578 lecte
513 1522 621 1586 coelibe,
637 1523 788 1593 perpetitur,

214 1614 261 1651 nec
274 1604 392 1653 veterum
402 1595 474 1652 dulci
487 1597 645 1668 scriptorum
658 1597 775 1652 carmine
787 1599 878 1652 Musae

249 1671 388 1736 obiectant,
403 1689 489 1743 quum
502 1687 578 1726 mene
590 1672 671 1726 anxia
682 1671 836 1744 pervigilat;

215 1746 243 1801 id
254 1754 360 1820 gratum
371 1754 410 1800 est
419 1746 496 1810 mihi,
509 1764 551 1800 me
560 1747 687 1818 quoniam
699 1746 747 1800 tibi
756 1746 823 1800 dicis
832 1746 958 1808 amicum,

159 1833 184 1875 tu
252 1837 416 1892 muneraque
428 1828 452 1874 et
465 1821 602 1875 Musarum
616 1820 680 1874 hinc
691 1820 758 1890 petis
771 1827 796 1873 et
808 1820 927 1875 Veneris.

212 1895 272 1960 Sed,
287 1896 335 1950 tibi
349 1913 382 1948 ne
395 1911 452 1948 mea
465 1893 519 1947 sint
532 1895 619 1966 ignota
633 1893 807 1956 incommoda,
820 1894 902 1959 Mani,

251 1987 302 2025 neu
315 1985 358 2023 me
369 1968 456 2022 odisse
468 1973 544 2036 putes
557 1966 668 2036 hospitis
678 1964 809 2030 officium

212 2046 308 2116 accipe,
324 2046 385 2114 quls
399 2057 497 2095 merser
509 2039 628 2093 fortunae
640 2038 764 2092 fluctibus
778 2039 843 2108 ipse,

250 2136 283 2173 ne
295 2115 410 2188 amplius
423 2133 437 2169 a
451 2114 546 2167 misere
559 2112 627 2168 dena
640 2113 713 2168 beata
726 2120 809 2184 petas.

158 2206 183 2247 15
212 2194 338 2263 Tempore
354 2207 409 2261 quo
421 2189 539 2259 primum
552 2189 632 2244 vestis
645 2187 712 2244 mihi
725 2187 820 2244 tradita
829 2205 897 2259 pura
910 2201 959 2257 est,

250 2264 397 2320 iucundum
410 2281 497 2336 quum
509 2270 579 2318 aetas
591 2261 682 2320 dorida
695 2281 743 2320 ver
754 2271 850 2337 ageret,

213 2340 295 2395 multa
308 2344 371 2394 satis
385 2338 447 2395 lusi.
462 2341 521 2394 Non
533 2347 573 2395 est
584 2339 632 2396 dea
645 2341 732 2395 nescia
746 2347 836 2402 nestri,

250 2433 318 2487 quae
330 2413 434 2470 dulcem
444 2415 516 2470 curis
529 2416 622 2470 miscet
630 2416 788 2472 amaritiem.

212 2490 263 2546 Sed
277 2498 359 2545 totum
373 2491 422 2546 hec
434 2490 554 2546 studium
565 2490 637 2546 luctu
650 2489 763 2546 fraterna
775 2489 843 2544 mihi
857 2506 928 2544 mors

158 2576 184 2619 te
250 2565 367 2620 abstulit.
388 2565 411 2622 0
424 2566 520 2621 misero
532 2563 610 2622 irater
622 2567 725 2622 ademto
737 2565 818 2620 mihil

212 2651 242 2697 tu
255 2659 322 2707 mea,
337 2651 366 2697 tu
380 2643 495 2700 moriens
507 2639 608 2716 fregisti
620 2641 767 2704 commoda,
782 2637 872 2707 frater,
