2020 3036
210 151 243 202 66
491 148 664 204 CATULLl

209 272 257 310 nee
268 256 398 327 populum
411 257 572 313 auscultare:
587 257 634 312 sed
646 259 710 313 huie
721 257 818 314 suffixa
832 260 917 332 tigillo

154 336 181 382 le
247 337 350 386 tantum
359 332 460 404 operire
472 331 540 386 seles
551 340 596 387 aut
608 333 708 403 aperire
720 332 866 388 domum‘le

139 405 141 409 '
209 403 291 476 Saepe
303 404 378 460 illam
390 405 482 460 audivi
495 406 593 460 furtiva
607 423 669 462 voce
682 406 834 479 loquentem

247 477 331 534 solam
344 479 464 536 Caeciliis
477 481 541 535 haec
553 499 603 535 sua
615 479 723 554 flagitia,

218 555 325 609 nominc
337 555 466 610 dicentem
479 573 546 627 quos
559 555 693 610 diximus:
709 564 798 626 utpote
810 574 879 629 quae
890 564 926 612 ml

248 637 333 700 speret
343 646 391 684 nec
404 629 524 702 linguam
536 646 602 693 esse,
617 647 666 684 nec
677 630 834 686 auriculam.

156 715 181 760 45
211 708 342 760 Praeterea
355 703 467 758 addebat
478 702 631 775 quemdam,
646 721 727 775 quem
740 704 826 759 dicere
839 705 899 760 nolo

249 779 364 841 nomine,
380 793 413 832 ue
426 775 497 832 tollat
510 776 591 831 rubra
603 777 754 848 supercilia.

211 857 320 926 Longus
330 852 409 906 homo
421 860 469 916 est,
484 868 595 925 maguus
608 852 673 923 quoi
686 851 744 908 lites
758 852 847 908 intulit
856 853 919 908 olim

249 927 346 982 lalsum
359 926 480 981 mendaci
493 933 584 982 ventre
594 928 777 997 puerperium.
997 933 999 940 '

297 1053 430 1098 exvul.
461 1053 507 1097 AD
538 1053 687 1099 MANIUM
721 1055 873 1098 ALLlllld.

212 1140 296 1216 Quod
309 1147 376 1201 mihi
389 1145 492 1201 fortuna
504 1163 621 1219 casuque
633 1164 775 1218 oppressus
788 1148 880 1203 acerbe

248 1222 425 1293 conscriptum
436 1221 485 1275 hec
498 1220 622 1296 lacrymis
635 1221 718 1276 mittis
728 1221 888 1294 epistolium,

212 1296 531 1370 naufragumut‚eiectum
540 1296 727 1367 spumantibus
736 1298 857 1368 aequeris
867 1297 957 1361 undis,

248 1370 394 1436 sublevem,
410 1377 435 1424 et
448 1389 462 1426 a
476 1372 567 1426 mortis
581 1371 673 1426 limine
685 1372 834 1439 restituam3

157 1461 169 1502 5
211 1464 292 1518 quem
306 1463 391 1518 neque
401 1453 489 1500 sancta
499 1446 588 1501 Venus
599 1445 673 1501 molli
683 1447 845 1517 requiescere
854 1464 958 1512 murno,

248 1521 381 1575 desertum
394 1521 422 1574 in
436 1520 499 1576 lecte
511 1519 618 1584 coelibe,
634 1521 786 1591 perpetitur,

213 1613 260 1650 nec
271 1603 390 1652 veterum
400 1594 472 1650 dulei
485 1595 643 1666 scriptorum
656 1595 773 1650 carmine
785 1596 876 1650 Musae

248 1670 386 1734 oblectant,
401 1687 487 1742 quum
501 1686 576 1724 mens
588 1670 669 1724 anxia
681 1668 834 1798 pervigilem

213 1745 240 1800 ld
252 1752 358 1818 gratum
369 1752 408 1798 est
418 1745 494 1808 mihi,
507 1761 549 1798 me
558 1745 685 1816 quoniam
696 1744 745 1798 tibi
774 1745 821 1798 icis
830 1744 958 1808 amicum,

157 1832 182 1874 tu
250 1836 414 1892 muneraque
426 1828 451 1872 et
463 1819 600 1873 Musarum
614 1819 678 1873 hinc
690 1819 756 1888 petis
769 1825 794 1872 et
807 1819 926 1873 Veneris.

211 1894 270 1958 Sed,
285 1894 334 1948 tibi
347 1910 381 1947 ne
394 1910 450 1946 mea
463 1893 518 1946 sint
530 1893 618 1964 ignota
631 1891 806 1954 incommoda,
819 1892 900 1957 Mani,

249 1986 300 2024 neu
313 1983 356 2022 me
367 1967 455 2020 odisse
467 1973 542 2036 putes
555 1965 667 2035 hospitis
677 1963 808 2028 officium3

211 2044 307 2114 accipe,
322 2044 384 2114 quls
398 2057 495 2094 merser
507 2037 626 2093 fortunae
638 2037 762 2092 lluctibus
777 2037 841 2107 ipse,

248 2135 282 2172 ne
293 2115 409 2186 amplius
422 2132 436 2168 a
450 2114 546 2168 misero
557 2110 626 2167 done
639 2112 712 2166 beata
725 2119 808 2183 petas.

157 2205 182 2247 15
210 2194 337 2262 Tempore
353 2206 408 2261 quc
419 2189 538 2259 primum
550 2189 631 2242 vestis
644 2186 711 2242 milri
724 2186 818 2242 tradita
828 2203 897 2258 pura
910 2201 960 2257 est,

248 2263 396 2320 iucundum
409 2281 495 2336 quum
507 2269 578 2318 aetas
590 2260 681 2320 llcrida
695 2280 742 2318 ver
753 2270 849 2335 ageret,

211 2339 293 2394 multa
307 2343 370 2394 salis
384 2338 446 2394 lusi.
461 2341 519 2395 Non
532 2345 572 2394 est
582 2338 631 2394 dea
644 2338 731 2393 nescia
745 2346 835 2400 nestri,

248 2431 317 2486 quae
329 2413 434 2470 dulcem
442 2415 514 2470 curis
527 2415 621 2470 miscet
629 2413 787 2469 amaritiem.

211 2489 262 2544 Sed
275 2496 358 2544 tetum
371 2490 421 2545 hoc
433 2490 553 2546 studium
564 2487 636 2544 luctu
649 2487 761 2544 fraterna
775 2487 843 2542 mihi
855 2504 929 2544 mors

156 2575 182 2617 20
249 2564 366 2620 abstulit.
387 2565 409 2620 Ο
423 2566 519 2620 misero
531 2563 608 2620 lrater
621 2564 724 2620 ademte
736 2563 817 2618 mihil

211 2648 240 2694 tu
254 2657 320 2705 mea,
335 2649 364 2695 tu
378 2642 494 2698 moriens
505 2639 607 2714 fregisti
619 2637 766 2700 commoda,
781 2636 871 2704 frater,
