2020 3036
209 157 241 208 64
494 154 665 208 CATULLI

210 268 293 316 vester
302 278 384 334 onyx,
396 268 467 314 caste
475 261 562 332 petitis
572 279 640 333 quae
650 262 708 316 iura
717 261 811 318 cubili.

245 335 296 390 Seu
305 352 374 407 quae
382 352 410 388 se
421 335 525 406 impure
534 335 606 390 dedit
615 335 751 402 adulterio,

153 419 179 462 85
209 408 282 464 illius
292 409 326 463 ah
336 408 405 464 mala
413 409 481 464 dona
492 409 558 464 levis
567 410 641 466 bibat
651 411 722 464 irrita
731 409 835 482 pulvis:

245 484 462 556 namqueegoab
472 484 591 557 indignis
599 485 716 556 praemia
726 485 800 540 nulla
809 493 878 558 peto.

207 556 250 612 Sic
260 558 356 631 magis,
368 565 498 628 enupiae
511 575 614 629 semper
624 558 761 614 eenoorua
770 567 871 616 vestras

244 649 348 702 semper
357 649 431 688 amer
439 632 515 686 sedas
524 632 620 688 ineolat
628 633 762 688 assiduus.

207 706 247 760 Tu
259 722 330 770 vere,
342 724 355 759 r
388 707 441 770 iun,
454 713 530 760 tuens
540 723 626 778 quum
636 706 731 772 sidera,
742 707 833 763 divam

152 788 178 831 ae
245 779 362 850 placabis
382 780 444 834 estis
455 778 603 834 luminibus
614 781 749 846 Venerem,

207 854 337 926 unguinis
346 861 479 924 expertem
490 871 543 908 uon
552 854 647 908 siveris
657 872 714 910 esse
724 862 797 910 tuam
806 871 863 911 me:

244 927 291 982 sed
300 927 387 998 potius
397 926 478 999 largis
488 927 562 982 affice
572 929 738 984 muneribus.

207 1001 297 1056 Sidera
308 1002 453 1056 corruerint
463 1001 579 1056 utinam!
600 1019 675 1058 eema
686 1003 786 1076 regiam
801 1002 877 1058 iiam:

244 1076 382 1146 proximus
391 1075 540 1150 Hydrochoi
549 1075 662 1152 fulgeret
670 1077 779 1134 Oasiou.

300 1231 660 1278 uxvn.uu1auuau
684 1232 859 1278 ΜῦΕΟΗΔΕ

480 1305 681 1350 CUIUSDAM.

494 1413 666 1459 Caucasus

207 1497 319 1562 Odulci
329 1505 445 1561 iuounda
454 1507 521 1572 viro,
533 1505 648 1561 iucunda
659 1509 770 1579 parenti,

243 1580 325 1646 salve,
339 1588 417 1652 teque
426 1581 494 1635 bona
504 1582 620 1652 luppiter
630 1589 715 1634 auctet
724 1599 782 1652 epe,

207 1655 300 1710 ianua:
321 1672 403 1726 quam
412 1653 493 1710 Balbo
503 1655 595 1709 dicunt
604 1655 716 1710 servisse
725 1655 840 1729 benigue

242 1727 316 1794 olim,
329 1746 414 1800 quum
424 1728 499 1782 sedes
509 1729 565 1800 ipse
574 1746 656 1784 senex
666 1729 763 1784 tenuit:

152 1815 163 1857 5
206 1819 342 1875 quamque
351 1801 438 1857 ferunt
447 1821 540 1857 rursus
551 1810 610 1858 voto
621 1803 735 1858 servisse
745 1802 872 1878 maligne,

243 1885 383 1948 postquam
392 1894 420 1930 es
432 1883 548 1946 porrecte
556 1874 622 1929 iacta
633 1877 726 1930 marita
735 1894 811 1932 sene:

205 1951 249 2006 diu
258 1950 371 2023 agedum
383 1949 468 2012 nobis,
480 1965 562 2018 quare
571 1955 669 2002 mutata
678 1947 770 2002 feraris

243 2026 272 2079 in
281 2023 420 2078 dominum
430 2027 543 2076 veterem
553 2020 700 2074 deseruisse
711 2020 800 2074 fidem.

524 2164 629 2208 Isura

205 2262 263 2317 Non
273 2259 282 2330 ί
287 2260 322 2312 ita
332 2255 444 2312 Caecilio
451 2247 578 2328 placeam,
590 2255 655 2327 quei
664 2255 757 2312 tradita
767 2275 840 2312 nunc
849 2263 927 2336 sum)

152 2349 177 2390 iu
244 2331 321 2403 eulpa
332 2348 389 2386 mea
399 2337 446 2397 est,
457 2348 622 2404 quumquam
632 2330 729 2386 dieitur
742 2349 799 2386 esse
808 2350 880 2390 mea:

205 2425 253 2464 neo
261 2413 396 2479 peceatum
405 2425 420 2460 u
429 2423 473 2460 me
481 2405 626 2478 quisquam
636 2413 694 2478 pete
702 2404 788 2462 dieere
795 2407 953 2480 quiequam

242 2499 336 2536 verum
346 2481 390 2535 isti
399 2479 496 2552 populo
510 2480 589 2536 ianua
598 2480 718 2553 quidque
727 2480 800 2536 feeit:

205 2557 263 2631 qui,
276 2572 445 2629 quacumque
454 2554 557 2627 aliquid
567 2555 694 2627 reperitur
704 2573 756 2611 non
765 2555 832 2611 beue
841 2554 952 2626 aetum,

241 2630 275 2687 ad
283 2648 327 2687 me
335 2647 427 2688 omues
435 2629 563 2688 alemant:
585 2631 675 2696 lanua,
686 2627 764 2702 eulpa
773 2636 875 2684 tuaest.
