2020 3036
198 125 229 174 88
427 119 531 174 Auen
551 119 708 174 TIBULLI

142 239 168 282 20
236 227 364 293 custodes,
375 227 446 282 fertis
456 245 565 283 munera
576 237 669 293 vautra,
685 230 774 284 Lares.

198 303 273 357 Tunc
282 301 365 357 vitula
376 303 527 357 innumeros
538 301 664 357 lustrabat
672 319 745 357 caesa
755 303 890 360 iuvenees:

235 393 306 431 nune
316 394 383 450 agna
393 377 483 450 exigui
493 376 623 431 esthostie
631 394 713 449 parva
722 376 782 432 soii.

198 450 273 525 Agna
283 450 357 505 cedet
365 450 450 516 vobis,
462 467 544 523 quam
552 451 652 505 circum
662 451 759 507 rustice
768 453 853 523 pubes

233 524 340 580 elamet:
352 527 387 590 io,
400 542 498 580 messes
507 534 532 580 et
541 525 608 580 hone
618 525 679 580 vinu
688 525 756 580 daie.

142 611 167 654 25
196 602 252 654 Iam
262 599 340 654 mode
351 618 403 655 non
412 616 521 670 pessum
530 606 666 654 contentus
678 599 765 656 vivere
773 618 862 672 parve,

234 691 391 745 neesemper
401 673 493 747 longae
502 673 605 728 deditus
614 691 671 728 esse
681 673 747 739 viae,

196 748 243 802 seii
253 747 332 804 Canis
342 746 453 802 aestivos
462 756 534 802 ortus
545 747 626 803 vitare
634 747 686 802 sub
696 749 790 804 umbra

234 823 344 888 arboris,
356 822 390 876 ad
399 822 469 876 rivos
478 822 666 893 praetereuntis
676 840 769 895 aquae.

197 899 250 951 Nee
259 904 345 951 tamen
356 895 488 950 interdum
498 895 593 967 pudeat
603 894 717 952 tenuisse
724 896 866 964 bidentem,

142 983 167 1025 30
235 978 280 1025 aut
289 969 397 1024 stimulo
406 969 492 1024 tardes
502 970 662 1041 increpuisse
670 971 761 1037 boves,

197 1063 249 1100 nen
259 1061 388 1118 agnamve
396 1045 458 1098 sinu
467 1043 555 1117 pigeat
563 1043 678 1100 fetumve
687 1045 800 1117 capellae

233 1118 373 1183 desertum,
384 1117 464 1172 oblite
472 1125 563 1183 matre,
576 1117 670 1174 referre
678 1118 797 1174 domum.

196 1191 284 1246 Atves
294 1192 391 1265 exiguo
399 1193 495 1263 peoeri,
507 1192 631 1266 furesque
639 1192 758 1265 lupique,

233 1267 341 1338 parcite;
353 1266 387 1320 de
396 1283 493 1340 magno
502 1273 541 1322 eet
550 1268 644 1339 praeda
658 1268 766 1338 petenda
776 1285 865 1344 grege.

142 1352 167 1394 35
198 1341 301 1414 Hicege
313 1340 714 1413 pastoremquemeumiustrare
722 1346 872 1414 quotannis,

232 1424 257 1470 et
266 1414 395 1487 placidum
405 1414 475 1472 soleo
483 1433 604 1489 spargere
614 1415 678 1470 laete
686 1416 783 1472 Palem.

196 1490 303 1556 Adsitis‚
316 1490 380 1554 divi,
393 1507 440 1545 nec
449 1507 496 1546 ves
505 1507 520 1544 e
529 1506 643 1561 paupere
653 1506 744 1545 mensa

233 1564 310 1630 dona,
322 1581 370 1620 neo
378 1581 393 1618 e
400 1564 476 1635 puris
486 1564 600 1634 spernite
610 1562 744 1618 fictilibus.

195 1638 297 1693 Fictilia
307 1639 432 1710 antiquus
441 1638 559 1708 primum
569 1637 621 1692 sibi
630 1636 689 1694 feeit
698 1639 808 1712 agrestis

141 1723 167 1768 iu
233 1712 335 1784 pocula,
347 1713 380 1767 de
389 1711 458 1767 ieciii
467 1713 666 1786 composuitque
676 1712 739 1768 luto.

196 1789 252 1842 Non
263 1804 311 1861 ego
320 1787 425 1842 divitias
435 1795 540 1859 patrum
550 1785 703 1860 fructusque
710 1789 824 1860 requiro,

232 1879 299 1934 ques
309 1861 369 1915 tulit
378 1862 486 1933 antiquo
495 1861 599 1916 uendite
609 1861 703 1916 messis
712 1877 771 1916 uve.

194 1938 277 1991 Parva
287 1952 361 2007 seges
371 1936 433 1988 satis
443 1942 494 2000 est;
506 1935 570 1988 satis
578 1941 627 1998 est,
638 1934 799 2005 requiescere
808 1933 873 1990 lecto

231 2011 253 2064 si
264 2009 331 2072 lieet,
343 2016 368 2062 et
377 2007 452 2062 solito
462 2007 580 2062 membra
590 2005 676 2062 levare
684 2015 748 2061 tere.

139 2093 164 2139 ie
197 2084 282 2150 Quem
292 2083 364 2136 iuvet
374 2082 488 2136 immites
498 2089 588 2136 ventes
597 2079 846 2144 audireeubuntem,

230 2166 255 2212 et
263 2157 398 2212 deminum
407 2163 495 2212 tenere
507 2155 668 2210 eontinuisse
676 2155 748 2220 sinu,

193 2240 246 2295 aut,
258 2229 357 2304 gelidas
367 2230 495 2286 hibernus
505 2247 587 2302 equus
595 2247 680 2303 quum
689 2229 785 2286 fuderit
794 2229 897 2292 Auster.

230 2322 351 2360 securum
360 2322 476 2370 somnos,
488 2305 573 2362 imbre
583 2306 698 2370 iuvante,
709 2305 799 2377 sequi!

193 2381 246 2434 Hoc
256 2379 322 2435 mihi
332 2381 478 2454 continget:
494 2381 529 2436 sit
537 2381 612 2436 dives
622 2380 687 2445 iure,
703 2379 818 2436 furorem

138 2468 163 2510 50
230 2455 277 2526 qui
288 2455 369 2510 maris
378 2457 497 2512 ettristes
506 2454 572 2511 ferre
580 2462 663 2528 petest
673 2454 788 2526 pluvius.

192 2529 214 2583 0
224 2537 353 2602 quantum
364 2537 403 2585 est
412 2531 469 2586 auri
480 2531 567 2602 petius
576 2537 717 2601 pereatque
727 2531 869 2603 smaragdi,

229 2621 310 2676 quem
320 2603 379 2662 fleat
387 2604 421 2660 ob
431 2614 532 2662 nestrae
543 2603 597 2662 ulia
607 2603 693 2676 puelia
705 2604 771 2662 vies.
