2040 3030
194 138 245 192 2⁴6
461 137 671 192 PROPERTll

232 243 337 370 altapua
346 243 448 298 mortali
459 243 573 317 deligere
583 253 651 300 astra
664 263 756 312 manu,

195 335 277 389 quarn
297 333 379 382 unere,
392 325 421 370 ut
434 325 535 374 nosuaa
545 319 630 374 nolint
639 337 744 390 peecare
753 322 868 392 puellae.

231 391 280 445 llio
288 409 345 446 mos
355 390 467 447 Saturno
476 409 556 465 regna
566 401 668 448 tenente
677 392 736 458 fuit,

194 473 219 520 et
229 483 315 536 quum
325 463 489 520 Deucalionis
499 484 583 538 aquae
592 465 691 522 tinxere
701 485 747 538 per
756 469 856 531 orbem

140 551 180 592 tto
230 549 255 593 et
264 548 322 610 post
331 539 453 610 antiquas
464 539 628 594 Deucalionis
640 559 732 612 aquas.

194 613 240 667 Dio
251 614 331 667 mihi:
352 614 414 684 quis
424 615 508 684 potuit
518 612 612 669 lentum
624 632 727 670 servare
739 617 889 688 pudioum‘l

232 705 300 759 quaa
309 687 356 742 dea
366 705 427 741 oum
437 687 493 742 eolo
503 689 592 744 vivere
600 688 655 744 sola
666 688 733 744 dao‘l

195 763 308 816 Uxorem
317 761 451 832 quondam
462 763 552 835 magni
562 763 666 826 Minois,
681 764 802 829 ateium,

232 836 348 906 eorrupit
356 836 423 890 torvi
432 836 544 890 eandida
554 835 636 892 forma
647 837 734 892 bovis.

141 920 180 963 115
193 911 246 964 Neo
254 911 345 964 minus
355 918 439 965 aerato
448 912 534 966 Danae
544 911 704 966 circumdata
714 929 800 976 muro,

232 1001 285 1037 non
295 984 380 1053 potuit
389 1001 485 1057 magno
494 992 564 1039 easta
574 1002 670 1057 negare
679 986 746 1041 lovi.

194 1057 271 1123 Quod
281 1058 304 1110 si
314 1065 342 1111 tu
354 1057 455 1122 Graias,
468 1067 586 1130 tuquees
597 1059 697 1114 imitata
706 1061 826 1116 Latinas:

231 1148 333 1203 semper
345 1132 405 1185 viva
414 1149 473 1187 meo
483 1131 564 1188 libera
576 1133 683 1189 iudicio.

422 1261 584 1305 ausula
611 1259 716 1305 XXIV.

195 1342 299 1407 Tristia
309 1353 360 1406 iam
371 1351 481 1407 redeunt
490 1353 586 1407 iterum
596 1353 723 1409 solemnia
733 1353 821 1408 nobis:

231 1425 347 1499 Cynthia
357 1427 507 1482 iamuontes
517 1434 556 1482 est
565 1436 667 1498 operate
677 1427 776 1482 deoem.

193 1500 280 1571 Atque
290 1501 392 1556 utinam
404 1500 464 1556 Nilo
473 1508 560 1572 pereat
569 1518 638 1573 quae
647 1519 719 1556 saera
729 1509 829 1572 tepente

231 1574 304 1629 misit
314 1575 440 1629 matronis
449 1575 553 1629 Inachis
563 1574 697 1630 Ausoniis.

139 1659 151 1702 5
193 1648 266 1716 Quae
275 1649 323 1704 dea
332 1656 387 1703 tam
396 1648 505 1719 cupidos
515 1649 591 1704 toties
600 1649 692 1705 divisit
701 1656 826 1713 amantes,

230 1741 405 1796 quaeeunque
414 1723 458 1778 illa
469 1723 528 1788 fuir,
540 1741 643 1795 semper
653 1742 741 1779 amara
750 1723 808 1778 fuit.

193 1799 233 1854 Tu
243 1805 311 1853 oerte
320 1798 390 1853 lovis
400 1797 508 1852 oooultis
518 1799 547 1853 in
555 1799 699 1862 amoribus,
715 1799 750 1860 10,

230 1873 344 1936 sensisti,
356 1871 454 1926 multas
464 1871 530 1942 quid
539 1871 574 1924 sit
583 1871 650 1924 inire
660 1871 731 1936 vias;

192 1964 279 2020 quum
289 1953 313 1999 te
322 1945 400 1999 iussit
409 1945 505 1998 hahere
515 1941 630 2012 puellam
640 1959 737 1996 oornua
748 1942 821 2002 luno,

139 2033 164 2074 tt
231 2029 256 2075 et
265 2019 366 2091 peeoris
375 2017 442 2070 duro
451 2015 558 2085 perdere
568 2015 647 2068 verba
658 2031 733 2070 sono.

193 2095 234 2149 Ah
245 2091 346 2164 quoties
355 2089 464 2162 quernis
475 2087 570 2142 laesisti
581 2086 719 2143 frondibus
729 2103 786 2141 ora:

230 2164 350 2221 mansisti
361 2162 473 2218 stabulis
483 2162 570 2217 abdita
579 2171 654 2234 pasta
664 2163 727 2218 tuis.

192 2242 243 2306 An,
256 2239 381 2312 quoniam
392 2245 520 2311 agrestem
530 2237 642 2293 detraxit
652 2239 685 2294 ab
696 2256 741 2295 ore
750 2235 864 2310 figuram

230 2315 355 2388 luppiter,
367 2314 464 2369 idoiroo
474 2312 540 2369 laeta
548 2315 661 2386 superba
672 2314 720 2370 dea
730 2310 775 2368 es‘l

139 2404 163 2445 15
193 2385 861 2464 Aurininonsatisesttusoisnegyptusalumnist

231 2467 286 2522 Cur
295 2466 343 2521 tihi
353 2475 407 2520 tam
418 2463 495 2538 longa
504 2465 586 2520 Roma
596 2466 673 2536 petita
685 2464 729 2520 via
738 2460 794 2518 est‘l

194 2540 298 2608 Quidve
308 2541 355 2595 tibi
366 2539 471 2612 prodest
481 2538 575 2594 viduas
585 2539 699 2595 dormire
710 2533 828 2610 puellas?

232 2617 283 2673 Sed
293 2616 350 2679 tihi,
362 2615 438 2670 erede
447 2614 523 2678 mihi.
535 2631 633 2670 oornua
643 2631 736 2670 rursus
744 2617 830 2676 erunt,
