2030 3036
492 161 663 218 CATULLl

242 271 337 326 deinde
350 288 436 344 usque
448 271 526 329 altera
541 269 623 334 mille,
638 270 733 325 deinde
745 279 861 326 eentum.

243 347 316 411 Dein,
332 363 418 418 quum
431 345 516 400 millia
529 344 612 400 multa
625 344 774 412 fecerimus,

242 421 461 476 conturbabimus
474 421 528 487 illa,
544 421 715 487 nesciamus,

242 502 288 549 aut
300 512 333 549 ne
346 496 408 567 quis
421 496 508 551 malus
522 496 641 551 invidere
652 497 744 568 possit,

242 586 327 640 quum
340 578 443 625 tantum
456 573 521 626 sciat
532 589 590 626 esse
602 571 748 626 basiorum.

425 699 468 742 vl.
494 700 540 742 AD
556 699 734 744 Fuavlunr.

279 781 368 854 Flavi,
384 789 491 844 delicias
504 797 563 844 tuas
576 788 688 854 Catullo,

242 863 270 917 ni
283 864 338 917 sint
349 863 471 935 illepidae
483 872 562 936 atque
576 864 743 938 inelegantes,

241 937 321 992 velles
334 938 429 1002 dicere,
444 955 493 992 nec
504 946 587 1012 tacere
599 955 700 1010 posses.

240 1012 338 1067 Verum
352 1013 439 1066 nescio
451 1013 520 1085 quid
530 1012 688 1068 febriculosi·

240 1087 317 1141 scorti
330 1086 434 1160 diligis:
456 1088 507 1142 hoc
518 1087 599 1160 pudet
610 1086 693 1143 fateri.

239 1163 317 1227 Nam,
333 1169 358 1218 te
370 1179 422 1217 non
436 1163 532 1218 viduas
545 1163 628 1218 iacere
640 1171 737 1228 noctes,

240 1235 421 1308 nequidquam
436 1238 543 1293 tacitum
556 1237 644 1294 cubile
657 1238 761 1303 clamat,

239 1312 314 1365 sertis
327 1329 358 1366 ac
370 1311 447 1388 Syrio
460 1313 580 1388 fragrans
592 1314 671 1378 olivo,

238 1385 421 1460 pulvinusque
433 1407 564 1464 peraeque
575 1397 600 1444 et
613 1389 657 1443 bic
669 1397 694 1442 et
707 1388 761 1441 illic

235 1461 346 1525 attritus,
361 1463 522 1535 tremulique
534 1481 631 1534 quassa
645 1463 702 1516 leeti

238 1537 367 1607 argutatio
380 1537 616 1607 inambulatioque.

238 1610 306 1662 Nam
321 1608 358 1663 nil
372 1611 420 1664 ista
435 1610 511 1676 valet,
528 1609 605 1674 nibil,
622 1619 714 1664 tacere.

237 1682 288 1739 Cui
301 1700 354 1738 non
367 1692 421 1739 tarn
435 1683 514 1740 latera
526 1683 639 1739 ecfututa
654 1683 780 1756 pandant,

238 1765 316 1812 noctu
330 1759 397 1831 quid
410 1758 489 1814 facias
502 1757 680 1831 ineptiarum?

160 1843 170 1883 t
238 1832 324 1898 Quare
336 1833 471 1906 quidquid
483 1835 565 1888 babos
577 1833 641 1888 boni
654 1833 780 1904 malique,

236 1906 280 1961 dic
292 1908 379 1963 nobis.
417 1908 481 1963 Volo
493 1915 518 1962 te
530 1926 560 1962 ac
571 1916 630 1964 tuos
644 1925 745 1963 amores

236 1981 270 2035 ad
282 1982 385 2036 eoelum
399 1982 485 2054 lepido
497 1999 589 2038 vocare
602 2001 691 2038 versu.

412 2110 474 2155 Vll.
499 2113 544 2156 An
565 2113 735 2156 assulam.

275 2193 402 2268 Quaeris,
417 2212 483 2276 quot
495 2204 562 2258 mihi
575 2205 732 2262 basiationes

236 2286 304 2342 tuae,
320 2278 423 2342 Lesbia,
439 2279 493 2334 sint
505 2281 568 2334 satis
580 2279 731 2354 superque?

236 2351 323 2420 Quam
336 2371 450 2427 magnus
464 2371 592 2410 numerus
604 2355 733 2429 Libyssae
744 2370 838 2410 arenae

235 2427 418 2500 laserpiciferis
431 2430 496 2485 iaoet
508 2429 619 2504 Cyrenis

233 2505 352 2560 oraclum
366 2505 436 2560 lovis
449 2507 516 2560 inter
530 2505 641 2560 aesmosi

233 2587 259 2634 et
270 2581 336 2636 Batti
349 2581 444 2636 veteris
457 2596 561 2634 sacrum
575 2577 740 2650 sepulerum:

234 2665 279 2711 aut
291 2673 373 2729 quam
387 2655 472 2709 sidera
485 2653 578 2718 multa,
591 2659 755 2725 quumtaeet
768 2670 831 2720 nox,
