2028 3034
188 137 219 185 90
417 129 522 184 ALBH
542 131 696 185 TIBULLI

225 236 355 292 clauditur
365 246 389 292 et
399 237 554 294 dureieuue
566 238 641 292 firme
649 255 718 294 sere.

186 315 267 367 Ianua
277 311 393 366 difficilis
403 311 532 377 dominae,
544 319 569 366 te
578 313 695 368 verberet
705 315 798 379 imber,

223 395 247 440 te
257 387 326 440 lovis
337 386 446 458 imperio
455 386 568 441 fulmina
578 388 658 441 misse
667 395 765 460 petent.

186 463 276 525 Ianua,
289 461 342 515 ium
351 469 439 532 pateas
448 461 496 516 uni
508 461 584 526 mihi,
597 462 665 516 vieta
674 463 798 534 querelis,

133 547 158 588 tu
225 551 276 589 neu
286 533 378 589 furtim
388 553 463 590 verse
472 535 578 590 sardine
587 545 673 607 aperta
682 554 769 592 sones.

186 610 227 674 Et,
239 607 308 663 male
318 611 341 664 si
351 627 405 682 que
414 610 462 664 tibi
473 610 541 665 dixit
548 609 678 664 dementis
688 620 785 676 nostre,

224 685 358 757 ignosces:
369 685 447 755 eupiti
457 684 511 738 sint
519 701 609 754 preeer
619 683 664 739 ille
673 701 741 740 mee.

187 759 222 813 Te
232 759 385 812 meminisse
394 758 473 822 deest,
485 775 553 829 quee
562 757 677 828 plurime
688 776 752 815 voee
759 763 847 834 peregi

223 831 350 904 suppliee‚
363 849 448 904 quum
458 832 525 902 posti
534 831 624 887 floride
634 841 701 888 serta
711 835 810 888 darem.

133 919 158 960 15
188 907 227 962 Tu
238 923 345 978 quoque
354 923 388 960 ne
397 906 489 960 timide
498 907 625 972 custodes,
637 907 718 973 Delia,
732 908 801 963 falle.

224 980 383 1036 Audendum
393 989 445 1035 est:
465 980 660 1038 fortesediuvet
672 984 728 1054 ipsu
738 985 837 1038 Venus.

187 1055 234 1110 ille
244 1054 320 1120 iavet,
332 1071 379 1108 seu
390 1056 451 1126 quis
462 1057 566 1111 iuvenis
576 1073 645 1112 nore
655 1056 747 1113 limine
758 1067 845 1123 tentet,

223 1145 271 1184 seu
280 1137 376 1184 reseret
384 1129 437 1184 fixo
446 1130 524 1185 dente
532 1130 619 1203 puelle
629 1131 706 1186 iores.

186 1203 233 1259 Illa
243 1203 316 1258 docet
325 1202 416 1258 furtim
427 1205 500 1259 molli
511 1205 635 1260 decedere
643 1205 715 1270 iente,

132 1290 158 1332 te
225 1277 270 1332 ilie
280 1277 374 1350 pedem
383 1279 458 1335 nullo
467 1297 562 1352 ponere
571 1297 734 1354 posses0n03

187 1353 231 1408 illa
242 1353 299 1408 viro
309 1370 396 1410 eorem
407 1363 488 1410 nutus
498 1354 613 1410 mnierre
622 1355 752 1428 lnqueees

223 1427 815 1502 blandequeoomposnisahderevernanotis.

187 1504 240 1558 Nee
249 1501 322 1558 donet
331 1503 489 1571 houemnes,
501 1503 548 1558 sed
556 1519 624 1575 ques
634 1519 682 1557 nee
691 1504 784 1558 inertie
794 1504 877 1558 terdet

224 1593 272 1631 nee
282 1579 469 1634 vetetobseura
479 1593 586 1650 surgere
596 1584 670 1630 noete
678 1577 765 1632 timor.

133 1663 157 1706 25
187 1653 240 1707 Nec
249 1652 313 1706 sinit
321 1661 439 1708 oecurret
448 1653 600 1724 quisquam,
613 1650 660 1721 qui
670 1667 777 1722 eorpore
786 1650 853 1706 ferro

213 1726 351 1792 vulneret,
364 1735 409 1782 eut
418 1734 490 1798 repta
500 1724 615 1794 praemia
624 1732 695 1780 veste
702 1731 780 1796 petet.

186 1800 315 1872 Quisquis
325 1818 413 1856 umore
422 1808 531 1862 tenetur,
544 1805 584 1852 est
593 1805 719 1870 tutusque
729 1815 854 1872 seeerque

224 1875 355 1947 quelibet:
376 1873 485 1929 insidias
495 1888 548 1927 non
557 1872 679 1926 timuisse
688 1872 768 1927 deeet.

186 1951 244 2005 Neu
255 1950 321 2004 mihi
331 1949 406 2021 pigre
416 1953 508 2002 nocent
517 1945 642 1999 hibernae
651 1944 747 2018 frigore
758 1946 853 2013 noctis;

132 2035 157 2078 se
225 2041 277 2078 non
288 2023 364 2085 mini,
377 2038 462 2094 quum
470 2018 553 2074 multe
563 2018 659 2073 decidit
669 2019 754 2074 imber
764 2035 842 2091 eque.

223 2179 248 2226 et
257 2178 330 2225 vocet
339 2168 372 2222 ed
382 2167 458 2242 digiti
468 2185 511 2224 me
520 2167 648 2222 taciturne
658 2185 764 2223 sonum.

186 2246 285 2301 Pereite
293 2243 451 2308 luminibus,
466 2261 513 2298 seu
524 2243 566 2297 vir
574 2260 621 2298 seu
631 2242 728 2299 semine
738 2245 783 2300 fiet

222 2319 316 2374 obvie:
337 2316 618 2374 eelerivultsueiurta
628 2319 727 2374 Venus.

132 2406 157 2448 35
187 2395 244 2450 Neu
255 2393 364 2465 strepitu
375 2401 464 2448 terrete
473 2393 581 2465 pedum,
593 2411 645 2448 neu
655 2393 772 2466 quaerite
781 2411 875 2494 nomen

223 2485 275 2524 neu
283 2483 364 2540 prope
374 2466 485 2543 fulgenti
496 2468 598 2524 lumine
608 2466 671 2523 ferte
679 2467 743 2523 ieee.

186 2543 212 2598 Si
224 2544 286 2616 quis
296 2552 320 2598 et
330 2543 485 2616 imprudens
495 2542 651 2615 adspexerit,
663 2541 765 2598 eeeulat
775 2542 826 2606 ille,

224 2635 323 2692 perque
331 2617 393 2676 dees
403 2635 494 2676 omues
504 2635 533 2674 se
543 2617 696 2675 meminisse
705 2625 790 2690 neget.

186 2101 244 2153 Non
255 2097 327 2152 leber
336 2095 380 2149 hie
389 2093 475 2158 laedit,
487 2100 582 2148 reseret
591 2087 669 2148 medo
678 2093 749 2149 Delie
759 2102 853 2166 postes¹
