2030 3036
278 173 486 230 CARMINUM
505 173 627 231 LIBER.
795 179 823 229 3l

120 284 168 356 qui
180 282 274 338 sedens
287 283 413 338 adversus
426 281 568 337 identidem
582 289 606 338 ta

232 365 330 430 spectat
341 364 367 412 et
378 357 451 412 audit

120 431 197 486 dulos
209 432 347 498 ridentem,
362 432 458 486 misero
470 431 542 502 quod
554 447 645 486 omnes

119 506 197 578 eripit
208 523 303 561 sensus
315 506 397 560 mihi:
411 523 474 560 nam
487 504 567 559 simul
579 511 613 570 te,

120 581 225 646 Lesbia,
240 581 339 652 aspexi,
354 578 422 634 nihil
435 586 565 650 estsuper
577 583 615 633 ml

120 727 213 802 lingua
225 729 272 784 sed
283 735 373 800 torpet,
388 729 475 782 tenuis
488 728 538 782 suh
551 735 623 784 artus

119 801 227 858 flamma
239 803 365 868 dimanat,
380 803 468 857 sonitu
477 809 568 873 suopte

119 878 244 932 tintinant
256 895 341 942 auras,
355 878 461 950 gemina
473 884 598 950 teguntur

233 951 335 1006 lumina
346 959 428 1006 nocte.

119 1025 220 1091 Otium,
236 1026 345 1092 Catulle,
359 1026 407 1080 tibi
420 1025 559 1080 molestum
572 1032 624 1080 est:

119 1100 171 1154 otio
183 1099 308 1165 exsultas,
320 1101 488 1172 nimiumque
500 1099 593 1173 gestis:

120 1175 204 1228 otium
217 1182 242 1229 et
254 1191 328 1248 reges
340 1175 415 1246 prius
425 1182 450 1229 et
461 1174 548 1228 beatas

231 1249 345 1320 perdidit
357 1249 446 1304 urbes.
533 1278 536 1280 ·

110 1353 247 1397 Lu.nn
278 1349 464 1398 sulusuu
494 1353 541 1396 DE
572 1351 724 1396 STRUMA
753 1353 800 1396 ΕΤ

370 1423 539 1469 VATINIQ

158 1488 236 1565 Quid
248 1508 295 1566 est,
311 1499 420 1566 Catulle,
435 1499 508 1573 quod
517 1500 627 1554 moraris
640 1499 740 1556 emori?

120 1572 187 1629 Sella
201 1575 229 1629 in
242 1575 330 1630 auruli
342 1575 448 1630 Struma
460 1575 562 1630 Nonius
575 1573 659 1630 sedet:

119 1665 166 1719 per
178 1648 344 1705 oonsulatum
356 1651 452 1721 peierat
464 1649 599 1705 Vatinius:

120 1723 246 1794 quidest,
262 1723 371 1789 Catulle,
387 1723 459 1796 qnod
472 1723 581 1777 moraris
594 1721 694 1778 emori?

167 1839 244 1882 LHL
274 1839 321 1882 DE
350 1837 503 1888 QUODAM
532 1837 578 1880 ΕΤ
609 1839 735 1883 ΟΑινα

157 1903 219 1967 Risi
232 1913 320 1968 nescio
332 1929 412 1986 quem
425 1911 504 1968 modo
516 1913 544 1966 in
557 1927 660 1978 torona,

120 1987 176 2058 qui,
192 2004 278 2059 quum
292 1987 403 2042 miiitiae
415 1987 553 2043 Vatiniana

120 2077 195 2116 meus
208 2063 320 2118 erimina
333 2059 431 2118 Calvus
443 2061 606 2133 explicasset,

119 2135 253 2191 admirans
267 2137 303 2192 ait
315 2137 387 2201 haee,
403 2153 551 2207 manusque
564 2134 671 2190 tollens:

119 2209 156 2263 dii
168 2211 270 2283 magni,
285 2211 445 2283 salaputium
457 2211 598 2264 disertum}

364 2338 434 2384 ula
463 2346 548 2365 ¹¹¹

155 2421 275 2486 Othonis
289 2438 367 2502 eaput
378 2429 475 2502 oppido
487 2427 626 2500 pusillum,

119 2503 193 2570 veta,
209 2506 315 2569 rustioe,
331 2504 468 2558 semilauta
480 2519 565 2566 arura,

118 2578 214 2635 subtile
226 2588 252 2635 et
265 2579 324 2635 leve
333 2578 452 2650 peditum
465 2577 583 2641 Libonis,
