2040 3030
113 267 139 310 30
205 263 230 310 et
239 254 353 312 famulos
365 255 433 312 inter
443 255 541 312 lamina
551 257 611 310 trita
621 275 692 324 suos,

167 330 284 404 coniugii
294 330 417 386 obsoeeni
427 332 543 403 prelium
553 332 670 387 Romana
679 337 800 406 poposcit

204 405 318 470 moenia,
329 413 354 460 at
362 405 480 460 addictos
493 405 521 460 in
531 423 580 459 sua
590 423 671 480 regna
680 417 778 479 patres.

167 480 252 535 Noxia
261 479 434 546 Alexandrea,
446 480 515 535 dolis
525 480 660 552 aptissima
671 482 759 550 tellus,

204 561 229 608 et
239 555 313 610 toties
323 562 421 620 nostro,
436 555 563 626 Memphi,
575 563 682 611 cruenta
691 558 770 625 malo,

113 639 138 682 aa
168 637 219 684 tres
229 629 277 684 uhi
287 630 410 702 Pompeio
420 629 533 684 detraxit
543 647 620 684 arena
632 631 794 705 triumphos:

204 703 276 759 tollat
285 703 360 760 nulla
369 705 425 760 dias
436 705 505 760 hano
513 705 571 770 tihi,
583 705 675 771 Roma,
688 717 787 763 nolam.

167 781 251 834 lssant
260 778 402 852 Phlegraeo
411 777 507 835 mallus
517 780 566 834 tibi
575 778 668 835 lunera
677 799 779 855 eampo,

205 853 248 910 val
258 862 303 908 tua
313 855 336 908 si
347 871 435 910 socero
444 855 510 909 oolla
521 855 631 910 daturus
641 873 707 911 eras.

167 151 217 205 236
435 146 652 204 PROPERTll

167 927 270 984 Scilicet
279 928 371 984 incesti
382 929 506 983 meretrix
518 929 610 1002 regina
620 929 729 1002 Canopi,

112 1012 139 1056 lo
204 1020 259 1058 una
268 1001 405 1073 Philippeo
414 1003 636 1075 sanguineinusta
646 1013 717 1070 noia,

167 1095 231 1133 ausa
239 1076 296 1133 lovi
306 1084 394 1131 nostro
403 1076 540 1132 latrantem
549 1093 681 1148 opponere
689 1079 809 1146 Anubin,
865 1109 867 1112 ·

203 1161 228 1208 at
237 1151 353 1206 Tiberim
363 1151 418 1208 Nili
427 1169 519 1226 cogare
528 1151 595 1208 farra
604 1153 705 1224 minas3

166 1227 366 1299 Romanamque
376 1227 467 1283 iubam
479 1227 615 1300 orapilanti
624 1228 720 1300 pallara
729 1230 815 1294 sistra,

203 1301 310 1358 Baridos
320 1311 345 1357 et
353 1303 436 1358 nortis
446 1310 529 1358 matra
537 1303 657 1359 liburna
666 1305 756 1376 saqui3

112 1385 138 1431 45
166 1376 294 1450 foedaque
304 1377 413 1450 Tarpeio
422 1377 532 1450 conopia
540 1378 646 1433 tendere
654 1396 727 1444 saxo,

203 1453 262 1507 iura
271 1450 334 1507 dara
342 1460 368 1508 et
376 1459 475 1508 statuas
485 1453 553 1508 inter
561 1460 586 1507 at
596 1470 668 1508 arma
677 1454 754 1510 Mari.

166 1526 237 1593 Quid
247 1543 320 1582 nuno
329 1528 468 1600 Tarquinii
478 1526 572 1582 fractas
582 1527 656 1583 iuvat
664 1545 721 1582 ease
730 1545 843 1593 securas,

204 1603 310 1657 nomina
319 1619 400 1674 quam
410 1601 492 1657 simili
502 1602 556 1658 vila
566 1601 680 1673 superba
689 1610 769 1667 notat,
802 1641 803 1645 ,

87 1717 90 1722 .
166 1678 190 1731 si
199 1675 296 1733 mulier
307 1675 430 1750 patienda
439 1674 507 1733 luit?
539 1677 618 1749 Cape,
629 1677 720 1742 Roma,
733 1677 913 1750 triumphum,

112 1763 137 1803 50
202 1759 227 1806 at
236 1750 347 1826 longum
356 1751 477 1827 Augusto
486 1750 560 1808 salva
569 1768 675 1823 precare
683 1751 764 1806 diem.

166 1827 269 1900 Fugisti
279 1835 367 1883 lamen
377 1827 405 1881 in
415 1826 502 1881 timidi
512 1825 699 1897 vagallumina
709 1825 777 1880 Nili:
837 1837 838 1840 ’

203 1916 322 1972 accepera
329 1906 390 1953 tuae
399 1898 510 1952 Romula
520 1897 607 1952 vincla
616 1912 722 1949 manus.

97 1989 98 1992 ’
165 1975 274 2030 Brachia
283 1971 398 2042 spectavi
407 1971 488 2024 sacris
497 1969 618 2022 admorsa
626 1967 752 2033 colubris,

202 2055 227 2102 at
237 2045 337 2100 trahere
345 2042 477 2096 oecultum
486 2039 605 2095 membra
614 2041 716 2112 soporis
726 2042 784 2096 iter.

111 2135 136 2178 55
165 2124 222 2178 Non
232 2119 305 2183 haec,
320 2118 411 2182 Roma,
422 2114 552 2170 luittanto
561 2114 610 2170 tibi
619 2115 678 2171 cive
688 2116 810 2182 verenda,

202 2209 250 2248 neo
259 2191 336 2248 ducis
345 2190 453 2248 assiduo
462 2189 554 2264 lingua
563 2189 666 2263 sepulta
675 2209 758 2249 mero.

165 2269 269 2340 Septem
278 2268 344 2326 urbs
354 2267 405 2324 alla
415 2266 495 2344 iugis,
507 2273 560 2324 toto
567 2284 637 2339 quaa
647 2267 777 2339 praesidat
785 2267 853 2334 orbi,

201 2342 329 2399 femineas
338 2344 427 2399 timuit
436 2342 524 2398 territa
532 2343 614 2398 Marta
624 2343 721 2398 minas.

165 2419 243 2473 Nunc
252 2419 299 2474 ubi
310 2417 445 2490 Scipiadae
454 2417 568 2474 classes?
585 2417 634 2472 ubi
646 2418 724 2491 signa
732 2415 857 2473 Camilli?

91 2503 94 2507 '
111 2504 138 2548 aa
203 2501 228 2548 al
237 2494 316 2550 modo
325 2494 457 2566 Pompeia,
468 2495 590 2565 Bosporo,
601 2500 674 2564 capte
683 2490 783 2548 manu?

166 2569 321 2625 Hannibalis
330 2567 432 2640 spolia?
452 2576 477 2623 et
485 2567 548 2623 victi
558 2574 728 2623 monumenta
737 2562 884 2640 Syphaois?

203 2651 228 2700 et
237 2644 333 2719 Pyrrhi
342 2643 377 2702 ad
387 2651 488 2700 nostros
497 2641 581 2718 gloria
590 2641 669 2700 lraota
678 2640 776 2717 pedae?
