2030 3036
263 147 474 203 CARMINUM
493 150 618 209 LlBER.
781 158 812 208 43

105 258 150 328 qui
163 257 244 311 duros
258 263 394 328 nequeunt
406 273 510 312 movere
522 255 639 315 lumbes.

104 330 163 396 Vos,
178 329 252 402 quod
263 329 347 384 millia
361 330 443 385 multa
456 330 590 394 basiorum

104 404 212 478 legistis,
228 403 297 458 male
310 421 352 458 me
365 422 464 459 marem
476 407 587 476 putatis:

104 479 244 550 praedicabo
256 495 305 552 ego
318 495 365 534 vos
377 486 402 534 et
414 479 558 534 irrumabc.

250 606 342 649 xv11.
367 606 412 648 AD
434 607 630 651 conamen.

104 689 133 753 0
147 697 263 762 Colonia,
278 713 347 770 quae
359 699 434 771 cupis
446 706 524 770 ponte
537 698 626 754 ludere
640 701 736 774 ligneo,

68 780 92 826 et
102 772 180 827 salire
192 781 314 844 paratum
326 773 417 838 habes,
432 773 480 828 sed
492 774 589 828 vereris
603 775 690 847 inepta

68 863 141 901 crura
153 847 281 918 ponticuli
295 847 391 902 assulis
404 849 497 903 stantis
512 848 539 902 in
554 849 688 916 redivivis,

69 922 225 992 resupinus
238 930 287 986 eat,
302 938 420 993 cavaque
432 923 460 976 in
472 921 568 993 palude
581 925 729 980 recumbat:

67 997 104 1049 sic
115 996 164 1050 tibi
177 996 263 1050 bonus
276 1013 309 1050 ex
322 1003 366 1050 tua
379 1014 446 1067 pons
459 996 569 1052 libidine
582 998 635 1063 fiat,
855 1014 865 1054 5

68 1071 92 1124 in
106 1086 161 1143 quo
173 1069 215 1124 vel
228 1070 387 1125 Salisubsulr
400 1088 472 1126 sacra
485 1072 675 1143 suscipiantur:

69 1161 166 1198 munus
178 1145 228 1199 hoc
240 1145 307 1198 mihi
321 1145 432 1200 maximi
444 1145 487 1210 da,
503 1145 619 1210 Colonia,
635 1148 714 1202 risus

68 1217 204 1284 Quendam
217 1219 378 1291 municipem
392 1237 481 1274 meum
495 1219 527 1274 de
539 1227 585 1274 tuo
598 1220 656 1276 volo
668 1231 746 1292 ponte

68 1293 103 1346 ire
115 1293 284 1365 praecipitem
297 1294 324 1348 in
339 1293 426 1348 lutum
438 1311 485 1366 per
497 1302 627 1365 caputque
640 1297 785 1368 pedesque:

67 1384 159 1421 verum
172 1368 252 1423 tetius
265 1375 295 1422 ut
307 1367 379 1422 lacus
391 1368 551 1440 putidaeque
562 1367 668 1438 paludis
841 1383 866 1423 lt

67 1440 223 1496 lividissima
238 1443 406 1514 maximeque
418 1451 457 1497 est
468 1441 598 1514 profunda
612 1460 716 1517 vorago.

65 1515 262 1571 Insulsissimus
274 1523 313 1572 est
324 1517 412 1581 homo,
428 1534 476 1570 nec
488 1517 564 1587 sapit,
579 1518 655 1588 pueri
667 1522 750 1583 instar

67 1588 161 1645 bimuli
174 1588 285 1645 tremula
299 1593 380 1662 patris
394 1590 547 1645 dormientis
562 1591 588 1646 in
602 1591 675 1647 ulna.

66 1663 133 1728 Quoi
147 1681 233 1735 quum
246 1665 281 1718 sit
293 1663 455 1719 viridissimo
468 1673 550 1736 nupta
560 1663 621 1720 llere
634 1667 730 1737 puella,

65 1745 89 1791 et
101 1738 191 1808 puella
205 1738 327 1793 tenellulo
339 1738 473 1794 delicatior
484 1739 577 1804 haedo,
841 1753 866 1794 15

65 1812 224 1867 asservanda
237 1813 387 1886 nigerrimis
400 1813 553 1886 diligentius
567 1814 641 1868 uvis:

66 1884 156 1940 ludere
168 1886 238 1940 hanc
250 1887 321 1951 sinit,
336 1896 366 1941 ut
379 1887 459 1951 lubet,
475 1905 522 1942 nec
533 1887 581 1958 pili
595 1886 655 1942 lacit
667 1890 724 1952 uni,

66 1977 114 2014 nec
126 1977 155 2014 se
167 1959 289 2016 sublevat
300 1979 333 2016 ex
346 1979 394 2016 sua
407 1971 487 2033 parte,
502 1962 549 2016 sed
562 1961 634 2016 velut
646 1961 723 2017 alnus

66 2033 176 2089 infossa
189 2035 282 2108 Liguri
296 2036 361 2090 iacet
372 2036 531 2107 subpernata
543 2037 637 2100 securi,

65 2109 220 2163 tantundem
238 2110 326 2164 omnia
342 2111 465 2175 sentiens,
485 2128 566 2182 quam
585 2113 607 2164 si
625 2111 698 2165 nulla
716 2111 750 2165 sit
766 2129 812 2165 us-

578 2202 653 2238 uam:
840 2195 866 2238 20

64 2255 123 2310 talis
138 2259 187 2311 iste
200 2275 276 2311 meus
288 2267 378 2328 stupor
392 2257 429 2312 nil
443 2259 523 2323 videt,
538 2203 604 2312 niiiil
618 2259 700 2312 audit.

62 2331 122 2401 lpse
135 2332 184 2402 qui
197 2331 240 2396 sit,
256 2338 346 2386 utrum
357 2333 433 2386 sitan
444 2334 550 2397 nonsit,
563 2333 590 2386 id
600 2349 707 2404 quoque
720 2335 810 2387 nescit.

62 2406 86 2458 N
87 2422 143 2460 unc
155 2422 216 2460 eum
230 2405 290 2461 volo
303 2405 336 2460 de
348 2414 393 2461 tuo
405 2415 483 2478 ponte
496 2408 597 2460 mittere
610 2425 733 2478 pronum,

61 2479 85 2532 si
97 2488 160 2551 pote
173 2479 300 2534 stolidum
313 2489 417 2552 repente
429 2482 541 2536 excitare
554 2490 699 2545 veternum,

60 2561 86 2607 et
98 2555 230 2626 supinum
245 2554 366 2608 animum
379 2555 406 2610 in
420 2557 495 2628 gravi
508 2555 688 2627 derelinquere
700 2572 788 2618 coeno,
840 2565 866 2606 25

60 2626 173 2684 ferream
187 2637 218 2684 ut
231 2628 328 2683 soleam
342 2630 425 2684 tenaci
438 2630 465 2683 in
479 2631 603 2702 voragine
618 2629 699 2683 mula.
