2030 3036
213 159 243 208 ⁴6
495 149 663 207 CATULLl

426 314 517 357 xxrl.
544 315 588 357 ΑΙ]
610 314 739 357 vallum.

249 399 378 461 Suffenus
391 411 447 473 istc,
463 407 538 472 Vara,
553 422 634 478 quern
647 405 728 476 probe
741 407 818 470 nosti,

210 481 289 536 homo
300 489 340 535 est
351 488 479 537 venustus
492 489 516 536 el
529 482 605 536 dicax
618 488 643 534 el
655 481 783 544 urbanus,

211 557 334 628 idemque
347 556 424 630 longe
436 557 565 628 plurimos
577 555 638 610 facil
651 572 752 610 versus.

210 632 276 684 Pulc
288 647 344 684 csse
357 649 405 704 ego
418 631 457 684 illi
470 631 554 687 millia
567 638 612 684 aut
624 629 713 683 decem
725 636 772 683 aut
783 628 859 699 plura

157 718 167 758 5
210 706 365 776 perscripta:
388 706 494 769 occsio,
509 714 539 758 ut
553 705 588 768 fit,
604 704 632 756 in
645 702 814 774 palimpsesto

210 779 301 834 relata:
324 780 426 834 chartae
439 779 532 852 regiae,
549 778 610 832 novi
624 777 695 841 libri,

210 855 272 908 novi
285 853 414 918 umbilici,
431 853 484 907 lora
497 853 586 917 rubra,
601 851 754 906 membrana

210 929 305 982 directa
318 928 436 999 plumbo,
451 935 476 982 et
487 927 593 998 pumice
604 927 693 981 omnia
706 937 825 999 aequata.

210 1004 278 1058 Haec
290 1020 376 1074 quum
388 1001 468 1075 legas,
485 1010 541 1056 tum
555 1001 639 1056 bellus
653 1000 697 1055 ille
709 1009 734 1055 ct
746 1001 865 1056 urbanus

156 1087 181 1129 lo
212 1075 335 1132 Sullanus
350 1095 419 1131 uuus
432 1076 613 1149 caprimulgus
626 1084 671 1131 aut
685 1075 767 1130 fossor

210 1170 303 1206 rursus
317 1151 433 1206 videtur:
455 1159 557 1206 tantum
570 1151 691 1206 abhorret
703 1168 733 1204 ac
745 1159 837 1204 mutat.

209 1229 263 1281 Hoc
275 1226 341 1298 quid
353 1234 478 1298 putemus
490 1223 565 1280 esse?
583 1224 634 1291 Qui
649 1225 726 1280 modo
738 1241 835 1286 scurra,

209 1310 255 1356 aut
266 1303 290 1355 si
302 1301 369 1374 quid
382 1302 431 1356 hac
443 1319 470 1355 re
482 1301 579 1366 tritiuS,
595 1301 741 1363 videbatur,

209 1375 279 1430 idem
292 1376 395 1432 inficeto
407 1383 445 1431 est
459 1376 584 1431 inficeticr
596 1392 665 1438 rure,

155 1461 179 1502 15
209 1450 290 1504 simul
303 1461 421 1520 poemata
434 1450 528 1522 attigit.
569 1451 660 1519 Neque
673 1447 742 1501 idem
756 1465 877 1517 uuquam

209 1542 291 1595 aeque
303 1532 342 1577 est
354 1525 454 1586 beatur,
469 1539 500 1576 ac
510 1539 604 1592 poema
618 1538 703 1592 quum
716 1521 819 1574 scribit:

208 1609 261 1653 tam
274 1597 371 1670 gaudet
383 1597 410 1651 in
424 1614 461 1658 se,
477 1604 584 1666 tamque
596 1612 623 1648 se
636 1596 692 1665 ipse
704 1594 823 1647 miratur.

209 1673 341 1726 Nimirum
349 1671 419 1726 idem
428 1687 520 1725 omnes
529 1667 654 1736 fallimur3
663 1675 791 1740 nequeest
799 1669 957 1742 quisquam,

208 1764 287 1819 quem
302 1765 355 1801 non
369 1747 396 1800 in
410 1745 499 1818 aliqua
512 1763 539 1798 re
552 1743 789 1814 videreSullenum

154 1832 179 1874 lu
209 1823 305 1893 possis.
345 1821 416 1877 Suus
429 1821 546 1893 quoique
559 1820 700 1873 attributus
713 1825 752 1871 est
763 1834 847 1873 error:

208 1895 255 1950 sed
268 1913 319 1950 non
335 1896 466 1958 videmus,
484 1895 613 1948 manticae
626 1892 692 1963 quid
706 1893 733 1945 in
746 1898 818 1962 tergo
830 1901 878 1944 cst.

403 2022 512 2065 xxlll,
543 2021 587 2062 au
612 2018 761 2062 rusclum.

283 2108 361 2178 Furi,
376 2114 439 2186 quoi
454 2129 538 2184 neque
550 2127 644 2164 servus
656 2117 703 2174 est,
719 2126 805 2182 neque
817 2127 884 2174 arra,
951 2175 956 2183 ι

247 2207 295 2244 nec
306 2190 401 2252 cimex,
418 2205 503 2259 neque
516 2202 636 2249 araneus,
652 2201 738 2256 neque
751 2184 835 2256 ignis:

246 2283 340 2318 verum
352 2271 427 2318 estet
439 2271 519 2334 pater,
534 2269 559 2316 et
571 2275 690 2322 noverca,
705 2277 820 2330 quorum

245 2340 335 2394 dentes
348 2338 389 2393 vel
403 2337 504 2393 silicem
517 2351 632 2391 comesse
644 2344 768 2406 possunt:

245 2422 284 2468 est
296 2413 407 2486 pulchre
419 2414 467 2468 tibi
480 2430 542 2467 cum
555 2419 600 2465 tuo
612 2417 726 2482 parente,

246 2497 271 2543 et
283 2506 345 2542 cum
357 2489 469 2561 coniuge
481 2487 568 2560 lignea
580 2486 704 2557 parentis.

246 2566 300 2617 Nec
312 2564 425 2618 mirum:
447 2563 514 2617 bene
527 2578 588 2616 nam
602 2560 693 2614 valetis
705 2578 806 2624 omues,

246 2639 357 2710 pulchre
368 2637 539 2709 concoquitis,
555 2634 622 2690 nihil
636 2637 741 2699 timetis,
