<?xml version="1.0" encoding="UTF-8"?>
<!DOCTYPE html PUBLIC "-//W3C//DTD XHTML 1.0 Transitional//EN"
    "http://www.w3.org/TR/xhtml1/DTD/xhtml1-transitional.dtd">
<html xmlns="http://www.w3.org/1999/xhtml" xml:lang="en" lang="en">
 <head>
  <title>
</title>
<meta http-equiv="Content-Type" content="text/html;charset=utf-8" />
  <meta name='ocr-system' content='tesseract 3.04.00' />
  <meta name='ocr-capabilities' content='ocr_page ocr_carea ocr_par ocr_line ocrx_word'/>
</head>
<body>
  <div class='ocr_page' id='page_1' title='image "./catullitibullie00propgoog_0286.png"; bbox 0 0 2040 3030; ppageno 0'>
   <div class='ocr_carea' id='block_1_1' title="bbox 79 183 823 378">
    <p class='ocr_par' dir='ltr' id='par_1_1' title="bbox 79 183 823 378">
     <span class='ocr_line' id='line_1_1' title="bbox 255 183 823 243; baseline 0 -2"><span class='ocrx_word' id='word_1_1' title='bbox 255 185 327 241; x_wconf 88' lang='lat' dir='ltr'>LIB.</span> <span class='ocrx_word' id='word_1_2' title='bbox 348 185 403 240; x_wconf 92' lang='lat' dir='ltr'>III.</span> <span class='ocrx_word' id='word_1_3' title='bbox 432 184 547 239; x_wconf 82' lang='lat' dir='ltr'>ELEG.</span> <span class='ocrx_word' id='word_1_4' title='bbox 568 183 654 239; x_wconf 89' lang='lat' dir='ltr'>XIII.</span> <span class='ocrx_word' id='word_1_5' title='bbox 778 189 823 243; x_wconf 74' lang='lat' dir='ltr'>att</span> 
     </span>
     <span class='ocr_line' id='line_1_2' title="bbox 79 291 778 378; baseline 0.004 -32"><span class='ocrx_word' id='word_1_6' title='bbox 79 309 179 378; x_wconf 70' lang='lat' dir='ltr'>gyram</span> <span class='ocrx_word' id='word_1_7' title='bbox 189 291 277 364; x_wconf 87' lang='lat' dir='ltr'>pulsat</span> <span class='ocrx_word' id='word_1_8' title='bbox 286 293 373 365; x_wconf 83' lang='lat' dir='ltr'>equis,</span> <span class='ocrx_word' id='word_1_9' title='bbox 384 293 494 347; x_wconf 87' lang='lat' dir='ltr'>niveum</span> <span class='ocrx_word' id='word_1_10' title='bbox 504 291 573 346; x_wconf 85' lang='lat' dir='ltr'>latus</span> <span class='ocrx_word' id='word_1_11' title='bbox 582 307 645 346; x_wconf 84' lang='lat' dir='ltr'>ense</span> <span class='ocrx_word' id='word_1_12' title='bbox 653 293 778 364; x_wconf 74' lang='lat' dir='ltr'>revincit5</span> 
     </span>
    </p>
   </div>
   <div class='ocr_carea' id='block_1_2' title="bbox 6 367 790 2074">
    <p class='ocr_par' dir='ltr' id='par_1_2' title="bbox 6 367 790 2074">
     <span class='ocr_line' id='line_1_3' title="bbox 10 367 694 440; baseline 0.003 -19"><span class='ocrx_word' id='word_1_13' title='bbox 10 417 12 432; x_wconf 28' lang='lat'>³</span> <span class='ocrx_word' id='word_1_14' title='bbox 119 368 324 440; x_wconf 80' lang='lat' dir='ltr'>virgineumque</span> <span class='ocrx_word' id='word_1_15' title='bbox 332 385 396 423; x_wconf 84' lang='lat' dir='ltr'>cavo</span> <span class='ocrx_word' id='word_1_16' title='bbox 405 367 531 440; x_wconf 79' lang='lat' dir='ltr'>praetegit</span> <span class='ocrx_word' id='word_1_17' title='bbox 539 382 597 420; x_wconf 83' lang='lat' dir='ltr'>aere</span> <span class='ocrx_word' id='word_1_18' title='bbox 606 375 694 437; x_wconf 83' lang='lat' dir='ltr'>eaput.</span> 
     </span>
     <span class='ocr_line' id='line_1_4' title="bbox 10 440 674 515; baseline 0 -20"><span class='ocrx_word' id='word_1_19' title='bbox 10 453 11 462; x_wconf 59' lang='lat'>¹</span> <span class='ocrx_word' id='word_1_20' title='bbox 80 441 114 495; x_wconf 90' lang='lat' dir='ltr'>Et</span> <span class='ocrx_word' id='word_1_21' title='bbox 124 441 202 495; x_wconf 89' lang='lat' dir='ltr'><strong>modo</strong></span> <span class='ocrx_word' id='word_1_22' title='bbox 211 443 328 515; x_wconf 79' lang='lat' dir='ltr'>Taygeti,</span> <span class='ocrx_word' id='word_1_23' title='bbox 341 443 426 497; x_wconf 79' lang='lat' dir='ltr'>crines</span> <span class='ocrx_word' id='word_1_24' title='bbox 436 441 558 513; x_wconf 81' lang='lat' dir='ltr'>adspersa</span> <span class='ocrx_word' id='word_1_25' title='bbox 568 440 674 511; x_wconf 76' lang='lat' dir='ltr'>pruina,</span> 
     </span>
     <span class='ocr_line' id='line_1_5' title="bbox 118 515 656 589; baseline 0 -19"><span class='ocrx_word' id='word_1_26' title='bbox 118 523 230 571; x_wconf 78' lang='lat' dir='ltr'>sectatur</span> <span class='ocrx_word' id='word_1_27' title='bbox 238 517 337 587; x_wconf 85' lang='lat' dir='ltr'>patrios</span> <span class='ocrx_word' id='word_1_28' title='bbox 346 534 393 587; x_wconf 87' lang='lat' dir='ltr'>per</span> <span class='ocrx_word' id='word_1_29' title='bbox 402 517 465 589; x_wconf 81' lang='lat' dir='ltr'>iuga</span> <span class='ocrx_word' id='word_1_30' title='bbox 476 515 553 588; x_wconf 70' lang='lat' dir='ltr'>longa</span> <span class='ocrx_word' id='word_1_31' title='bbox 565 531 656 570; x_wconf 73' lang='lat' dir='ltr'>aenea:</span> 
     </span>
     <span class='ocr_line' id='line_1_6' title="bbox 80 588 725 662; baseline 0 -18"><span class='ocrx_word' id='word_1_32' title='bbox 80 588 169 662; x_wconf 83' lang='lat' dir='ltr'>qualis</span> <span class='ocrx_word' id='word_1_33' title='bbox 178 588 373 648; x_wconf 76' lang='lat' dir='ltr'>Amazonidum</span> <span class='ocrx_word' id='word_1_34' title='bbox 383 591 489 646; x_wconf 85' lang='lat' dir='ltr'>nudatis</span> <span class='ocrx_word' id='word_1_35' title='bbox 497 589 591 644; x_wconf 86' lang='lat' dir='ltr'>bellioa</span> <span class='ocrx_word' id='word_1_36' title='bbox 600 589 725 644; x_wconf 81' lang='lat' dir='ltr'>mammis</span> 
     </span>
     <span class='ocr_line' id='line_1_7' title="bbox 119 664 670 737; baseline 0.004 -19"><span class='ocrx_word' id='word_1_37' title='bbox 119 664 360 719; x_wconf 81' lang='lat' dir='ltr'>Thermodontiacis</span> <span class='ocrx_word' id='word_1_38' title='bbox 370 672 457 720; x_wconf 84' lang='lat' dir='ltr'>turma</span> <span class='ocrx_word' id='word_1_39' title='bbox 466 664 570 720; x_wconf 84' lang='lat' dir='ltr'>lavatur</span> <span class='ocrx_word' id='word_1_40' title='bbox 579 664 670 737; x_wconf 85' lang='lat' dir='ltr'>aquis:</span> 
     </span>
     <span class='ocr_line' id='line_1_8' title="bbox 80 739 665 813; baseline -0.005 -17"><span class='ocrx_word' id='word_1_41' title='bbox 80 739 168 813; x_wconf 88' lang='lat' dir='ltr'>qualis</span> <span class='ocrx_word' id='word_1_42' title='bbox 178 747 203 794; x_wconf 89' lang='lat' dir='ltr'>et</span> <span class='ocrx_word' id='word_1_43' title='bbox 211 739 324 795; x_wconf 84' lang='lat' dir='ltr'>Eurotae</span> <span class='ocrx_word' id='word_1_44' title='bbox 333 739 428 795; x_wconf 82' lang='lat' dir='ltr'>Pollux</span> <span class='ocrx_word' id='word_1_45' title='bbox 437 739 560 795; x_wconf 81' lang='lat' dir='ltr'>etCastor</span> <span class='ocrx_word' id='word_1_46' title='bbox 569 740 665 804; x_wconf 82' lang='lat' dir='ltr'>arenis,</span> 
     </span>
     <span class='ocr_line' id='line_1_9' title="bbox 118 813 643 888; baseline 0 -20"><span class='ocrx_word' id='word_1_47' title='bbox 118 815 163 869; x_wconf 85' lang='lat' dir='ltr'>hio</span> <span class='ocrx_word' id='word_1_48' title='bbox 172 814 255 870; x_wconf 82' lang='lat' dir='ltr'>vietor</span> <span class='ocrx_word' id='word_1_49' title='bbox 264 814 372 888; x_wconf 79' lang='lat' dir='ltr'>pugnis,</span> <span class='ocrx_word' id='word_1_50' title='bbox 386 813 429 869; x_wconf 87' lang='lat' dir='ltr'>iile</span> <span class='ocrx_word' id='word_1_51' title='bbox 438 813 544 870; x_wconf 88' lang='lat' dir='ltr'>iuturus</span> <span class='ocrx_word' id='word_1_52' title='bbox 553 814 643 886; x_wconf 85' lang='lat' dir='ltr'>equis:</span> 
     </span>
     <span class='ocr_line' id='line_1_10' title="bbox 80 887 719 962; baseline 0 -19"><span class='ocrx_word' id='word_1_53' title='bbox 80 896 148 945; x_wconf 83' lang='lat' dir='ltr'>mter</span> <span class='ocrx_word' id='word_1_54' title='bbox 157 906 225 962; x_wconf 86' lang='lat' dir='ltr'><strong>quos</strong></span> <span class='ocrx_word' id='word_1_55' title='bbox 235 888 332 944; x_wconf 85' lang='lat' dir='ltr'>Helene</span> <span class='ocrx_word' id='word_1_56' title='bbox 341 889 421 944; x_wconf 83' lang='lat' dir='ltr'>nudis</span> <span class='ocrx_word' id='word_1_57' title='bbox 430 906 521 962; x_wconf 84' lang='lat' dir='ltr'>capere</span> <span class='ocrx_word' id='word_1_58' title='bbox 530 906 603 944; x_wconf 82' lang='lat' dir='ltr'>anna</span> <span class='ocrx_word' id='word_1_59' title='bbox 612 887 719 961; x_wconf 81' lang='lat' dir='ltr'>papillis</span> 
     </span>
     <span class='ocr_line' id='line_1_11' title="bbox 117 962 597 1030; baseline 0.002 -12"><span class='ocrx_word' id='word_1_60' title='bbox 117 962 207 1030; x_wconf 67' lang='lat' dir='ltr'>sertae,</span> <span class='ocrx_word' id='word_1_61' title='bbox 220 981 268 1018; x_wconf 85' lang='lat' dir='ltr'>neo</span> <span class='ocrx_word' id='word_1_62' title='bbox 276 962 368 1019; x_wconf 80' lang='lat' dir='ltr'>iratres</span> <span class='ocrx_word' id='word_1_63' title='bbox 377 965 516 1020; x_wconf 85' lang='lat' dir='ltr'>erubuisse</span> <span class='ocrx_word' id='word_1_64' title='bbox 524 963 597 1019; x_wconf 86' lang='lat' dir='ltr'>deos.</span> 
     </span>
     <span class='ocr_line' id='line_1_12' title="bbox 79 1038 703 1112; baseline -0.002 -17"><span class='ocrx_word' id='word_1_65' title='bbox 79 1041 135 1095; x_wconf 85' lang='lat' dir='ltr'>Lex</span> <span class='ocrx_word' id='word_1_66' title='bbox 145 1039 227 1112; x_wconf 81' lang='lat' dir='ltr'>igitur</span> <span class='ocrx_word' id='word_1_67' title='bbox 235 1038 362 1111; x_wconf 85' lang='lat' dir='ltr'>Spartana</span> <span class='ocrx_word' id='word_1_68' title='bbox 372 1047 441 1096; x_wconf 85' lang='lat' dir='ltr'>vetat</span> <span class='ocrx_word' id='word_1_69' title='bbox 449 1039 567 1094; x_wconf 78' lang='lat' dir='ltr'>eeoedere</span> <span class='ocrx_word' id='word_1_70' title='bbox 576 1044 703 1104; x_wconf 79' lang='lat' dir='ltr'>amantes,</span> 
     </span>
     <span class='ocr_line' id='line_1_13' title="bbox 117 1113 619 1181; baseline 0 -13"><span class='ocrx_word' id='word_1_71' title='bbox 117 1121 142 1168; x_wconf 91' lang='lat' dir='ltr'>et</span> <span class='ocrx_word' id='word_1_72' title='bbox 151 1113 210 1169; x_wconf 84' lang='lat' dir='ltr'>lieet</span> <span class='ocrx_word' id='word_1_73' title='bbox 219 1113 247 1169; x_wconf 88' lang='lat' dir='ltr'>in</span> <span class='ocrx_word' id='word_1_74' title='bbox 258 1113 344 1168; x_wconf 81' lang='lat' dir='ltr'>triviis</span> <span class='ocrx_word' id='word_1_75' title='bbox 353 1113 388 1169; x_wconf 81' lang='lat' dir='ltr'>ad</span> <span class='ocrx_word' id='word_1_76' title='bbox 397 1113 466 1170; x_wconf 88' lang='lat' dir='ltr'>latus</span> <span class='ocrx_word' id='word_1_77' title='bbox 475 1132 532 1170; x_wconf 86' lang='lat' dir='ltr'>esse</span> <span class='ocrx_word' id='word_1_78' title='bbox 542 1131 619 1181; x_wconf 87' lang='lat' dir='ltr'>suae;</span> 
     </span>
     <span class='ocr_line' id='line_1_14' title="bbox 79 1185 703 1257; baseline -0.008 -12"><span class='ocrx_word' id='word_1_79' title='bbox 79 1205 128 1244; x_wconf 84' lang='lat' dir='ltr'>neo</span> <span class='ocrx_word' id='word_1_80' title='bbox 137 1189 215 1242; x_wconf 84' lang='lat' dir='ltr'>timor</span> <span class='ocrx_word' id='word_1_81' title='bbox 223 1195 269 1242; x_wconf 89' lang='lat' dir='ltr'>aut</span> <span class='ocrx_word' id='word_1_82' title='bbox 278 1187 333 1243; x_wconf 89' lang='lat' dir='ltr'>ulia</span> <span class='ocrx_word' id='word_1_83' title='bbox 342 1196 382 1242; x_wconf 86' lang='lat' dir='ltr'>est</span> <span class='ocrx_word' id='word_1_84' title='bbox 390 1187 495 1243; x_wconf 83' lang='lat' dir='ltr'>clausae</span> <span class='ocrx_word' id='word_1_85' title='bbox 503 1186 583 1241; x_wconf 78' lang='lat' dir='ltr'>tutela</span> <span class='ocrx_word' id='word_1_86' title='bbox 592 1185 703 1257; x_wconf 85' lang='lat' dir='ltr'>puellae,</span> 
     </span>
     <span class='ocr_line' id='line_1_15' title="bbox 117 1259 659 1334; baseline -0.004 -18"><span class='ocrx_word' id='word_1_87' title='bbox 117 1279 165 1316; x_wconf 83' lang='lat' dir='ltr'>nea</span> <span class='ocrx_word' id='word_1_88' title='bbox 173 1262 263 1334; x_wconf 81' lang='lat' dir='ltr'>gravis</span> <span class='ocrx_word' id='word_1_89' title='bbox 274 1262 370 1316; x_wconf 76' lang='lat' dir='ltr'><strong>austeri</strong></span> <span class='ocrx_word' id='word_1_90' title='bbox 380 1278 464 1331; x_wconf 84' lang='lat' dir='ltr'>poena</span> <span class='ocrx_word' id='word_1_91' title='bbox 472 1259 588 1315; x_wconf 76' lang='lat' dir='ltr'>aavenda</span> <span class='ocrx_word' id='word_1_92' title='bbox 598 1261 659 1314; x_wconf 83' lang='lat' dir='ltr'>viri.</span> 
     </span>
     <span class='ocr_line' id='line_1_16' title="bbox 79 1332 648 1406; baseline -0.009 -14"><span class='ocrx_word' id='word_1_93' title='bbox 79 1334 159 1392; x_wconf 86' lang='lat' dir='ltr'>Nullo</span> <span class='ocrx_word' id='word_1_94' title='bbox 168 1335 322 1406; x_wconf 84' lang='lat' dir='ltr'>praemisso,</span> <span class='ocrx_word' id='word_1_95' title='bbox 334 1333 457 1388; x_wconf 81' lang='lat' dir='ltr'>derebus</span> <span class='ocrx_word' id='word_1_96' title='bbox 466 1343 521 1388; x_wconf 82' lang='lat' dir='ltr'>tute</span> <span class='ocrx_word' id='word_1_97' title='bbox 531 1332 648 1405; x_wconf 83' lang='lat' dir='ltr'>loquaris</span> 
     </span>
     <span class='ocr_line' id='line_1_17' title="bbox 118 1406 671 1482; baseline -0.007 -18"><span class='ocrx_word' id='word_1_98' title='bbox 118 1411 175 1482; x_wconf 85' lang='lat' dir='ltr'>ipse</span> <span class='ocrx_word' id='word_1_99' title='bbox 184 1410 251 1464; x_wconf 86' lang='lat' dir='ltr'>tuis:</span> <span class='ocrx_word' id='word_1_100' title='bbox 274 1407 367 1481; x_wconf 82' lang='lat' dir='ltr'>longae</span> <span class='ocrx_word' id='word_1_101' title='bbox 374 1406 448 1463; x_wconf 85' lang='lat' dir='ltr'>nulia</span> <span class='ocrx_word' id='word_1_102' title='bbox 459 1406 563 1478; x_wconf 77' lang='lat' dir='ltr'>repulsa</span> <span class='ocrx_word' id='word_1_103' title='bbox 573 1424 671 1461; x_wconf 88' lang='lat' dir='ltr'>morae.</span> 
     </span>
     <span class='ocr_line' id='line_1_18' title="bbox 78 1480 684 1558; baseline -0.01 -18"><span class='ocrx_word' id='word_1_104' title='bbox 78 1486 137 1540; x_wconf 88' lang='lat' dir='ltr'>Non</span> <span class='ocrx_word' id='word_1_105' title='bbox 147 1485 243 1558; x_wconf 83' lang='lat' dir='ltr'>Tyriae</span> <span class='ocrx_word' id='word_1_106' title='bbox 253 1491 337 1538; x_wconf 83' lang='lat' dir='ltr'>vestes</span> <span class='ocrx_word' id='word_1_107' title='bbox 346 1483 459 1538; x_wconf 82' lang='lat' dir='ltr'>errantia</span> <span class='ocrx_word' id='word_1_108' title='bbox 468 1481 570 1536; x_wconf 82' lang='lat' dir='ltr'>lumina</span> <span class='ocrx_word' id='word_1_109' title='bbox 580 1480 684 1545; x_wconf 82' lang='lat' dir='ltr'>fallunt,</span> 
     </span>
     <span class='ocr_line' id='line_1_19' title="bbox 115 1556 672 1631; baseline -0.009 -16"><span class='ocrx_word' id='word_1_110' title='bbox 115 1567 250 1631; x_wconf 76' lang='lat' dir='ltr'>estneque</span> <span class='ocrx_word' id='word_1_111' title='bbox 258 1557 448 1613; x_wconf 84' lang='lat' dir='ltr'>odorataecura</span> <span class='ocrx_word' id='word_1_112' title='bbox 457 1556 565 1612; x_wconf 84' lang='lat' dir='ltr'>molesta</span> <span class='ocrx_word' id='word_1_113' title='bbox 573 1573 672 1610; x_wconf 77' lang='lat' dir='ltr'>comae.</span> 
     </span>
     <span class='ocr_line' id='line_1_20' title="bbox 78 1631 667 1706; baseline -0.008 -16"><span class='ocrx_word' id='word_1_114' title='bbox 78 1634 113 1690; x_wconf 78' lang='lat' dir='ltr'>At</span> <span class='ocrx_word' id='word_1_115' title='bbox 120 1641 207 1689; x_wconf 83' lang='lat' dir='ltr'>nostra</span> <span class='ocrx_word' id='word_1_116' title='bbox 217 1633 318 1706; x_wconf 78' lang='lat' dir='ltr'><strong>ingenti</strong></span> <span class='ocrx_word' id='word_1_117' title='bbox 328 1632 401 1688; x_wconf 86' lang='lat' dir='ltr'>vadit</span> <span class='ocrx_word' id='word_1_118' title='bbox 412 1631 572 1687; x_wconf 79' lang='lat' dir='ltr'>circumdata</span> <span class='ocrx_word' id='word_1_119' title='bbox 580 1631 667 1696; x_wconf 78' lang='lat' dir='ltr'>turba,</span> 
     </span>
     <span class='ocr_line' id='line_1_21' title="bbox 116 1706 673 1782; baseline -0.004 -20"><span class='ocrx_word' id='word_1_120' title='bbox 116 1725 164 1763; x_wconf 85' lang='lat' dir='ltr'>nee</span> <span class='ocrx_word' id='word_1_121' title='bbox 173 1708 287 1782; x_wconf 80' lang='lat' dir='ltr'>digitum</span> <span class='ocrx_word' id='word_1_122' title='bbox 297 1714 409 1780; x_wconf 83' lang='lat' dir='ltr'>angusta</span> <span class='ocrx_word' id='word_1_123' title='bbox 419 1713 459 1762; x_wconf 81' lang='lat' dir='ltr'>est</span> <span class='ocrx_word' id='word_1_124' title='bbox 468 1706 673 1762; x_wconf 81' lang='lat' dir='ltr'>inseruissevia.</span> 
     </span>
     <span class='ocr_line' id='line_1_22' title="bbox 78 1777 790 1855; baseline -0.001 -18"><span class='ocrx_word' id='word_1_125' title='bbox 78 1783 132 1838; x_wconf 83' lang='lat' dir='ltr'>Nee</span> <span class='ocrx_word' id='word_1_126' title='bbox 140 1799 209 1854; x_wconf 86' lang='lat' dir='ltr'>quae</span> <span class='ocrx_word' id='word_1_127' title='bbox 218 1781 271 1836; x_wconf 85' lang='lat' dir='ltr'>sint</span> <span class='ocrx_word' id='word_1_128' title='bbox 280 1781 368 1847; x_wconf 80' lang='lat' dir='ltr'>iacies,</span> <span class='ocrx_word' id='word_1_129' title='bbox 380 1799 429 1837; x_wconf 82' lang='lat' dir='ltr'>nee</span> <span class='ocrx_word' id='word_1_130' title='bbox 437 1798 506 1855; x_wconf 86' lang='lat' dir='ltr'>quae</span> <span class='ocrx_word' id='word_1_131' title='bbox 515 1781 570 1835; x_wconf 81' lang='lat' dir='ltr'>sint</span> <span class='ocrx_word' id='word_1_132' title='bbox 579 1781 660 1835; x_wconf 86' lang='lat' dir='ltr'>verba</span> <span class='ocrx_word' id='word_1_133' title='bbox 670 1777 790 1852; x_wconf 80' lang='lat' dir='ltr'>rogandi.</span> 
     </span>
     <span class='ocr_line' id='line_1_23' title="bbox 6 1856 654 1912; baseline -0.003 0"><span class='ocrx_word' id='word_1_134' title='bbox 6 1861 7 1866; x_wconf 76' lang='grc'>’</span> <span class='ocrx_word' id='word_1_135' title='bbox 115 1857 249 1912; x_wconf 82' lang='lat' dir='ltr'>invenias:</span> <span class='ocrx_word' id='word_1_136' title='bbox 270 1873 377 1912; x_wconf 80' lang='lat' dir='ltr'>caecum</span> <span class='ocrx_word' id='word_1_137' title='bbox 386 1863 474 1912; x_wconf 79' lang='lat' dir='ltr'>versat</span> <span class='ocrx_word' id='word_1_138' title='bbox 482 1863 583 1912; x_wconf 80' lang='lat' dir='ltr'>amator</span> <span class='ocrx_word' id='word_1_139' title='bbox 594 1856 654 1911; x_wconf 85' lang='lat' dir='ltr'>iter.</span> 
     </span>
     <span class='ocr_line' id='line_1_24' title="bbox 77 1930 764 2006; baseline -0.006 -18"><span class='ocrx_word' id='word_1_140' title='bbox 77 1931 154 2000; x_wconf 82' lang='lat' dir='ltr'>Quod</span> <span class='ocrx_word' id='word_1_141' title='bbox 164 1933 187 1987; x_wconf 89' lang='lat' dir='ltr'>si</span> <span class='ocrx_word' id='word_1_142' title='bbox 198 1933 256 1987; x_wconf 83' lang='lat' dir='ltr'>iura</span> <span class='ocrx_word' id='word_1_143' title='bbox 266 1930 334 1987; x_wconf 81' lang='lat' dir='ltr'>iores</span> <span class='ocrx_word' id='word_1_144' title='bbox 343 1949 502 2006; x_wconf 77' lang='lat' dir='ltr'>pugnasque</span> <span class='ocrx_word' id='word_1_145' title='bbox 512 1931 613 1986; x_wconf 80' lang='lat' dir='ltr'>imitata</span> <span class='ocrx_word' id='word_1_146' title='bbox 620 1933 764 1995; x_wconf 77' lang='lat' dir='ltr'>Laeonum,</span> 
     </span>
     <span class='ocr_line' id='line_1_25' title="bbox 114 2007 658 2074; baseline 0 -12"><span class='ocrx_word' id='word_1_147' title='bbox 114 2008 199 2063; x_wconf 77' lang='lat' dir='ltr'>&lt;aerior</span> <span class='ocrx_word' id='word_1_148' title='bbox 208 2007 258 2064; x_wconf 85' lang='lat' dir='ltr'>hoo</span> <span class='ocrx_word' id='word_1_149' title='bbox 266 2023 337 2063; x_wconf 80' lang='lat' dir='ltr'>esses</span> <span class='ocrx_word' id='word_1_150' title='bbox 347 2015 376 2063; x_wconf 90' lang='lat' dir='ltr'>tu</span> <span class='ocrx_word' id='word_1_151' title='bbox 386 2008 463 2074; x_wconf 89' lang='lat' dir='ltr'>mihi,</span> <span class='ocrx_word' id='word_1_152' title='bbox 475 2009 567 2073; x_wconf 83' lang='lat' dir='ltr'>Roma,</span> <span class='ocrx_word' id='word_1_153' title='bbox 578 2007 658 2062; x_wconf 89' lang='lat' dir='ltr'>bono.</span> 
     </span>
    </p>
   </div>
   <div class='ocr_carea' id='block_1_3' title="bbox 314 2134 587 2180">
    <p class='ocr_par' dir='ltr' id='par_1_3' title="bbox 314 2134 587 2180">
     <span class='ocr_line' id='line_1_26' title="bbox 314 2134 587 2180; baseline -0.015 0"><span class='ocrx_word' id='word_1_154' title='bbox 314 2135 478 2180; x_wconf 77' lang='lat' dir='ltr'>ELEGIA</span> <span class='ocrx_word' id='word_1_155' title='bbox 506 2134 587 2179; x_wconf 84' lang='lat' dir='ltr'>XIII.</span> 
     </span>
    </p>
   </div>
   <div class='ocr_carea' id='block_1_4' title="bbox 72 2216 1009 2818">
    <p class='ocr_par' dir='ltr' id='par_1_4' title="bbox 72 2216 1009 2818">
     <span class='ocr_line' id='line_1_27' title="bbox 76 2216 771 2297; baseline 0 -17"><span class='ocrx_word' id='word_1_156' title='bbox 76 2216 127 2280; x_wconf 76' lang='lat' dir='ltr'>Sin</span> <span class='ocrx_word' id='word_1_157' title='bbox 135 2240 184 2297; x_wconf 80' lang='lat' dir='ltr'>ego</span> <span class='ocrx_word' id='word_1_158' title='bbox 193 2241 246 2278; x_wconf 84' lang='lat' dir='ltr'>non</span> <span class='ocrx_word' id='word_1_159' title='bbox 256 2224 325 2280; x_wconf 80' lang='lat' dir='ltr'>ullos</span> <span class='ocrx_word' id='word_1_160' title='bbox 335 2227 388 2281; x_wconf 85' lang='lat' dir='ltr'>Iam</span> <span class='ocrx_word' id='word_1_161' title='bbox 397 2227 484 2281; x_wconf 80' lang='lat' dir='ltr'>noiim</span> <span class='ocrx_word' id='word_1_162' title='bbox 494 2227 522 2280; x_wconf 86' lang='lat' dir='ltr'>In</span> <span class='ocrx_word' id='word_1_163' title='bbox 532 2241 620 2280; x_wconf 83' lang='lat' dir='ltr'>amore</span> <span class='ocrx_word' id='word_1_164' title='bbox 629 2224 771 2290; x_wconf 72' lang='lat' dir='ltr'>tumuitus,</span> 
     </span>
     <span class='ocr_line' id='line_1_28' title="bbox 113 2298 659 2373; baseline -0.002 -20"><span class='ocrx_word' id='word_1_165' title='bbox 113 2315 161 2353; x_wconf 83' lang='lat' dir='ltr'>nec</span> <span class='ocrx_word' id='word_1_166' title='bbox 170 2298 258 2354; x_wconf 78' lang='lat' dir='ltr'>veniat</span> <span class='ocrx_word' id='word_1_167' title='bbox 267 2299 422 2355; x_wconf 83' lang='lat' dir='ltr'>sinetenox</span> <span class='ocrx_word' id='word_1_168' title='bbox 431 2299 567 2373; x_wconf 79' lang='lat' dir='ltr'>vigilanda</span> <span class='ocrx_word' id='word_1_169' title='bbox 577 2299 659 2354; x_wconf 89' lang='lat' dir='ltr'>mihi:</span> 
     </span>
     <span class='ocr_line' id='line_1_29' title="bbox 75 2372 710 2445; baseline 0 -15"><span class='ocrx_word' id='word_1_170' title='bbox 75 2380 106 2430; x_wconf 87' lang='lat' dir='ltr'>ut</span> <span class='ocrx_word' id='word_1_171' title='bbox 115 2372 182 2427; x_wconf 88' lang='lat' dir='ltr'>mihi</span> <span class='ocrx_word' id='word_1_172' title='bbox 192 2380 338 2444; x_wconf 73' lang='lat' dir='ltr'>praetextae</span> <span class='ocrx_word' id='word_1_173' title='bbox 346 2373 433 2445; x_wconf 83' lang='lat' dir='ltr'>pudor</span> <span class='ocrx_word' id='word_1_174' title='bbox 444 2381 484 2429; x_wconf 84' lang='lat' dir='ltr'>est</span> <span class='ocrx_word' id='word_1_175' title='bbox 495 2373 594 2430; x_wconf 82' lang='lat' dir='ltr'>velatus</span> <span class='ocrx_word' id='word_1_176' title='bbox 603 2375 710 2440; x_wconf 82' lang='lat' dir='ltr'>amictu,</span> 
     </span>
     <span class='ocr_line' id='line_1_30' title="bbox 111 2447 620 2517; baseline 0.006 -17"><span class='ocrx_word' id='word_1_177' title='bbox 111 2453 136 2501; x_wconf 88' lang='lat' dir='ltr'>et</span> <span class='ocrx_word' id='word_1_178' title='bbox 145 2447 205 2502; x_wconf 81' lang='lat' dir='ltr'>data</span> <span class='ocrx_word' id='word_1_179' title='bbox 215 2447 320 2504; x_wconf 83' lang='lat' dir='ltr'>libertas</span> <span class='ocrx_word' id='word_1_180' title='bbox 329 2465 435 2506; x_wconf 76' lang='lat' dir='ltr'>noscere</span> <span class='ocrx_word' id='word_1_181' title='bbox 444 2449 549 2504; x_wconf 80' lang='lat' dir='ltr'>Amoris</span> <span class='ocrx_word' id='word_1_182' title='bbox 559 2449 620 2517; x_wconf 88' lang='lat' dir='ltr'>iter,</span> 
     </span>
     <span class='ocr_line' id='line_1_31' title="bbox 73 2520 1009 2596; baseline 0.004 -20"><span class='ocrx_word' id='word_1_183' title='bbox 73 2520 121 2577; x_wconf 90' lang='lat' dir='ltr'>ilia</span> <span class='ocrx_word' id='word_1_184' title='bbox 131 2521 211 2577; x_wconf 77' lang='lat' dir='ltr'>rudes</span> <span class='ocrx_word' id='word_1_185' title='bbox 220 2523 323 2580; x_wconf 78' lang='lat' dir='ltr'>anImos</span> <span class='ocrx_word' id='word_1_186' title='bbox 333 2542 380 2596; x_wconf 88' lang='lat' dir='ltr'>per</span> <span class='ocrx_word' id='word_1_187' title='bbox 388 2531 477 2580; x_wconf 76' lang='lat' dir='ltr'>noctes</span> <span class='ocrx_word' id='word_1_188' title='bbox 488 2524 592 2580; x_wconf 78' lang='lat' dir='ltr'>conseia</span> <span class='ocrx_word' id='word_1_189' title='bbox 602 2524 701 2596; x_wconf 69' lang='lat' dir='ltr'>priinat</span> <span class='ocrx_word' id='word_1_190' title='bbox 864 2537 875 2579; x_wconf 74' lang='lat' dir='ltr'>t</span> <span class='ocrx_word' id='word_1_191' title='bbox 981 2567 1009 2573; x_wconf 75' lang='grc'><strong>-</strong></span> 
     </span>
     <span class='ocr_line' id='line_1_32' title="bbox 111 2597 675 2675; baseline 0.007 -23"><span class='ocrx_word' id='word_1_192' title='bbox 111 2597 217 2663; x_wconf 89' lang='lat' dir='ltr'>imbuit,</span> <span class='ocrx_word' id='word_1_193' title='bbox 230 2598 283 2654; x_wconf 89' lang='lat' dir='ltr'>heu</span> <span class='ocrx_word' id='word_1_194' title='bbox 292 2599 375 2656; x_wconf 85' lang='lat' dir='ltr'>nuliis</span> <span class='ocrx_word' id='word_1_195' title='bbox 383 2607 458 2672; x_wconf 77' lang='lat' dir='ltr'>eapte</span> <span class='ocrx_word' id='word_1_196' title='bbox 466 2600 586 2675; x_wconf 79' lang='lat' dir='ltr'>Lycinna</span> <span class='ocrx_word' id='word_1_197' title='bbox 595 2597 675 2656; x_wconf 81' lang='lat' dir='ltr'>datis.</span> 
     </span>
     <span class='ocr_line' id='line_1_33' title="bbox 72 2672 819 2818; baseline 0.005 -90"><span class='ocrx_word' id='word_1_198' title='bbox 72 2672 186 2803; x_wconf 58' lang='lat' dir='ltr'>Tegiua</span> <span class='ocrx_word' id='word_1_199' title='bbox 193 2673 357 2733; x_wconf 83' lang='lat' dir='ltr'>haudmuito</span> <span class='ocrx_word' id='word_1_200' title='bbox 364 2675 456 2733; x_wconf 74' lang='lat' dir='ltr'>miuus</span> <span class='ocrx_word' id='word_1_201' title='bbox 463 2683 511 2744; x_wconf 82' lang='lat' dir='ltr'>eet,</span> <span class='ocrx_word' id='word_1_202' title='bbox 518 2693 605 2750; x_wconf 88' lang='lat' dir='ltr'><strong>quum</strong></span> <span class='ocrx_word' id='word_1_203' title='bbox 612 2674 819 2818; x_wconf 65' lang='lat' dir='ltr'>ducoiturannua:</span> 
     </span>
     <span class='ocr_line' id='line_1_34' title="bbox 131 2765 217 2806; baseline 0.035 -4"><span class='ocrx_word' id='word_1_204' title='bbox 131 2765 217 2806; x_wconf 73' lang='lat' dir='ltr'>amaa.</span> 
     </span>
    </p>
   </div>
   <div class='ocr_carea' id='block_1_5' title="bbox 0 0 1024 3030">
    <p class='ocr_par' dir='ltr' id='par_1_5' title="bbox 0 0 1024 3030">
     <span class='ocr_line' id='line_1_35' title="bbox 0 0 1024 3030; baseline 0 2"><span class='ocrx_word' id='word_1_205' title='bbox 0 0 1024 3030; x_wconf 95' lang='lat' dir='ltr'> </span> 
     </span>
    </p>
   </div>
  </div>
 </body>
</html>
