2020 3036
287 133 356 188 LIB.
378 133 399 186 I.
429 133 544 188 ELEG.
565 135 612 188 lV.
742 87 744 92 Δ
789 139 821 191 95

55 241 271 312 Tisiphoneque
281 255 385 309 impexa
396 238 462 294 feros
472 257 520 312 pro
530 241 648 296 crinibus
659 259 759 315 angues

99 315 204 378 saevit,
216 321 241 368 et
250 314 303 368 huc
317 313 380 368 illue
390 313 471 384 impin
481 315 557 370 turba
567 312 644 387 fugit.
849 331 875 371 iu

57 392 144 445 Tunc
154 389 233 461 niger
243 389 271 443 in
279 394 353 459 porta
363 396 513 458 serpentum
523 387 651 444 Cerberus
659 406 702 445 ore

100 462 211 527 stridet,
223 470 249 516 et
258 470 356 516 aeratas
366 461 478 516 excubat
487 469 547 517 ante
556 461 632 518 iores.

60 538 125 592 lllio
135 539 269 592 lunonem
279 543 376 592 tentare
385 536 485 590 Ixionis
494 537 552 590 ausi

101 619 250 666 versantur
258 609 335 664 aeleri
345 609 424 666 noxia
434 611 551 664 membra
562 618 628 666 rota:

61 693 261 758 perfectusque
273 701 368 738 novem
378 685 472 756 Tityus
481 701 528 755 per
537 684 627 757 iugera
637 691 719 740 terrae
848 699 873 741 75

103 758 232 814 assiduas
242 766 296 812 atro
306 756 405 814 viscera
413 759 497 828 pascit
506 775 578 812 aves.

64 832 200 890 Tantalus
209 831 320 896 estillic,
332 831 465 886 aenaeum
475 839 579 904 stagna;
601 832 743 890 sedantem

105 909 163 962 iam
174 907 228 960 iam
236 906 324 977 pnturi
333 905 429 960 deserit
437 905 509 962 unda
519 907 605 973 sitim;

65 992 91 1036 et
102 981 189 1036 Danai
197 980 292 1051 proles,
305 980 412 1034 Veneris
421 980 494 1052 quod
503 981 614 1036 numina
626 981 707 1046 laesit,

106 1057 137 1110 in
150 1072 215 1110 aava
224 1055 349 1110 Lethaeas
359 1053 428 1108 dolia
439 1062 523 1125 portat
532 1073 625 1127 aquas.
848 1069 872 1111 nu

67 1130 181 1194 inlesit,
193 1129 347 1201 quicunque
356 1145 427 1184 meos
436 1128 545 1184 violavit
553 1147 664 1194 umores,

106 1204 208 1275 optavit
218 1201 299 1258 lentes
309 1210 335 1258 et
344 1203 411 1256 mihi
421 1202 540 1258 militias.

69 1280 104 1334 At
114 1287 144 1333 tu
154 1285 232 1341 casn,
244 1273 343 1347 paenis,
355 1293 471 1341 maneas,
482 1279 619 1348 sanctique
628 1277 737 1348 pudoris

108 1350 226 1407 adsideat
235 1357 321 1406 eustos
331 1350 423 1406 sedula
432 1367 535 1420 semper
547 1367 625 1405 anus.

70 1429 140 1482 liaeo
149 1425 198 1479 tibi
208 1424 315 1479 fabellas
325 1423 425 1488 referat,
440 1425 577 1496 positaque
586 1423 692 1480 lunerna
846 1439 871 1480 85

109 1498 594 1572 dedueatplenastaminalongaeo103

72 1593 102 1630 ae
110 1575 177 1629 cirea
187 1573 314 1646 gravibus
323 1573 412 1644 pensis
422 1572 509 1628 adfixa
519 1571 607 1644 puella

109 1647 246 1720 paullatim
254 1664 346 1703 somno
356 1645 423 1704 sessa
432 1647 544 1702 remittat
553 1664 629 1718 opus.

73 1725 148 1778 Tune
157 1722 260 1776 veniam
270 1720 367 1785 subite,
380 1721 567 1792 nequisquam
578 1721 755 1784 nuntietante

110 1796 155 1851 sed
164 1795 252 1850 videar
262 1795 332 1851 niele
342 1795 441 1850 missus
450 1793 541 1848 adessa
551 1795 608 1848 tibi.
844 1806 869 1848 uu

75 1875 148 1925 'lune
156 1870 232 1935 mihi,
243 1868 330 1941 qualis
340 1870 401 1934 eris,
414 1868 506 1942 longos
515 1869 617 1925 turbata
627 1868 745 1938 capillos,

110 1945 185 1999 obvia
195 1942 301 2008 nudato,
313 1943 394 2008 Delia,
405 1960 481 1998 curre
491 1943 565 2014 pede.

76 2023 127 2074 llnn
136 2035 234 2089 {erenum
247 2018 320 2074 hunc
330 2017 407 2072 illum
418 2018 494 2072 nobis
504 2017 604 2072 Aiirora
614 2017 739 2072 nitentem

112 2092 245 2146 lucilerum
255 2093 336 2148 reseis
346 2091 457 2146 eandida
467 2101 549 2162 portat
558 2092 644 2162 equis.

328 2279 487 2322 Bellula
516 2279 560 2322 lv.

81 2385 125 2446 Sia
134 2394 252 2448 umbrosa
263 2394 311 2448 libi
321 2394 474 2465 contingant
482 2399 554 2456 tana,
567 2392 668 2462 Priape,

113 2485 143 2521 ue
152 2469 226 2539 capiti
236 2467 313 2532 seles,
326 2477 531 2538 nanoeeantqua
540 2466 627 2520 nives:
683 2496 685 2500 ·

80 2558 141 2612 quae
149 2550 190 2596 tua
199 2541 325 2598 formosos
335 2542 402 2611 oepit
412 2539 532 2595 solertia?
551 2540 624 2595 Cei-ta

114 2632 160 2670 non
170 2616 216 2670 tibi
226 2616 309 2670 barba
319 2615 392 2678 nitet,
405 2631 458 2671 non
469 2615 516 2670 tibi
526 2615 595 2670 culta
606 2631 678 2668 coma
687 2621 737 2677 est;
