2020 3036
225 164 436 221 CARMINUM
457 164 581 218 LIBER.
743 167 774 220 77

22 279 120 333 Lesbia
137 275 254 332 formosa
271 282 326 330 asta
342 290 411 346 quae
427 290 512 346 quum
530 272 707 344 pulcherrima
724 280 775 328 tcta

522 356 561 402 esi

62 435 122 482 tum
136 425 263 480 omnibus
275 441 329 478 una
341 439 434 478 ornnes
446 389 576 494 surripuit
588 424 710 478 Veneres.
818 358 831 403 ὅ

180 549 355 594 Lxxxvn.
384 549 423 593 IN
453 551 627 594 GELLIUM.

26 636 227 712 tinctionis,
243 641 321 707 Gelli,
337 641 385 713 qui
398 658 460 696 cum
474 649 556 696 matre
568 650 647 713 atque
659 660 746 698 sorore

62 718 159 791 prurit,
174 725 200 772 et
211 717 318 772 abiectis
328 715 467 788 pervigilat
479 715 594 770 tunicis?

24 793 98 862 Quid
112 792 174 848 iacit
191 792 224 857 is,
248 799 373 863 patruum
396 791 444 863 qui
466 807 519 846 non
542 792 606 919 sinpt
621 809 678 846 esse
695 795 775 848 mari-

522 874 579 920 ium

62 940 169 1014 Ecquid
181 940 243 1004 scis,
258 947 390 1010 quantum
400 940 526 1011 suscipiat
538 939 660 994 sceleris‘.l

24 1017 151 1088 Suscipit,
166 1031 182 1070 ο
195 1013 272 1079 Gelli,
287 1022 418 1085 quantum
431 1030 483 1068 non
497 1013 590 1068 ultima
603 1016 710 1090 Tethys,
819 1028 830 1070 5

64 1109 112 1146 nec
124 1091 228 1164 genitor
240 1087 426 1162 Nympharum
440 1088 525 1143 abluit
536 1088 666 1144 Oceanus.

25 1169 82 1222 lam
95 1164 163 1219 nihil
173 1171 213 1220 est
225 1163 369 1234 quicquam
383 1162 496 1228 sceleris,
512 1180 566 1236 quc
575 1164 682 1234 prodeat
690 1164 772 1220 ultra:

63 1259 117 1295 non
131 1239 154 1294 si
167 1238 282 1292 demisso
294 1255 323 1292 sa
335 1238 392 1308 ipsc
410 1247 481 1292 voret
492 1239 585 1309 capite.

177 1364 369 1408 Lxxxvttt.
399 1366 445 1408 DE
476 1363 621 1408 eunuc.

25 1452 134 1515 Gellius
150 1463 190 1512 cst
206 1457 303 1511 tenuis.
334 1455 453 1523 Quidni?
468 1455 511 1511 cui
529 1463 583 1510 tarn
599 1456 668 1512 bona
682 1466 771 1524 mater,

62 1541 172 1604 tamque
184 1530 276 1587 valens
289 1531 363 1586 vivat
374 1538 483 1604 tamque
495 1540 607 1586 venusta
619 1549 701 1597 soror,

25 1618 135 1679 tamque
147 1606 233 1661 bonus
243 1613 364 1678 patruus,
380 1605 585 1679 tamquecmnia
593 1606 670 1677 plena
679 1607 775 1678 puellis

63 1679 200 1754 cognatis?
211 1698 294 1752 quara
306 1680 329 1734 is
342 1679 445 1735 desinat
456 1697 514 1736 essa
526 1679 629 1735 maceri

25 1756 76 1823 Qui
91 1764 121 1810 ut
134 1754 202 1809 nihil
215 1756 333 1827 attingat,
347 1755 399 1808 nisi
412 1754 485 1826 quod
497 1753 536 1809 ias
545 1763 651 1828 tangere
661 1771 713 1809 non
724 1765 772 1822 est,
818 1770 829 1810 5

63 1829 238 1902 quantumvis
251 1846 333 1901 quare
345 1829 381 1882 sit
392 1845 487 1893 macer,
503 1829 631 1883 invenies.

183 1955 344 2002 LXXXIX.
373 1957 411 2001 ΙΝ
441 1958 615 2002 GELLIUM.

26 2041 161 2104 Nascatur
173 2049 267 2122 Magus
280 2065 313 2103 ex
326 2048 394 2104 Gelli
408 2050 554 2122 matrisque
566 2047 679 2104 nefando

61 2123 195 2196 coniugio,
209 2130 233 2177 et
246 2122 329 2178 discat
344 2124 478 2178 Persicum
493 2123 685 2195 haruspicium,

27 2200 94 2253 Nam
104 2199 200 2270 Magus
213 2215 246 2252 ex
259 2205 342 2252 matre
355 2205 380 2252 et
392 2207 471 2271 gnato
483 2199 610 2270 gignatur
622 2205 729 2268 oportet,

61 2274 84 2327 si
100 2289 161 2327 vera
173 2280 213 2326 est
225 2273 362 2330 Persarum
376 2273 458 2344 impia
470 2271 582 2345 relligio,

27 2353 123 2419 gnatus
137 2354 166 2401 ut
180 2353 284 2418 accepto
297 2353 433 2402 veneretur
445 2347 562 2401 carmine
573 2345 658 2409 divos,
817 2358 829 2400 t

62 2429 201 2478 omentum
213 2421 242 2476 in
255 2420 361 2477 flamma
373 2422 474 2494 pingue
486 2419 667 2492 liquefaciens.

234 2547 290 2594 xc.
320 2549 358 2592 [Ν
388 2549 564 2594 accurunt.

25 2630 90 2698 Nou
104 2641 172 2707 idac,
188 2640 266 2705 Gelli,
282 2641 420 2712 sperabam
432 2641 537 2722 tcmihi
551 2640 634 2696 lidum
