2028 3034
487 31 547 92 s·

274 148 426 205 cunum
457 151 483 206 M
503 151 626 205 LIBER.

205 257 266 314 alba
277 258 396 329 pertheu‘
441 257 519 324 velut,

245 332 364 386 luteumv
390 349 512 404 papaver.

206 440 250 504 At,
265 441 356 494 marite
369 439 412 512 (ita
425 457 467 494 me
479 440 570 494 iuvent

207 513 319 586 coelites)
333 512 507 592 nihiipminus

207 587 318 660 pulcher
329 605 366 653 es,
382 605 468 659 neque
480 595 505 642 te
517 588 606 643 Venus

209 660 329 734 negligit.
368 662 419 718 Sed
433 663 488 716 ubit
499 662 569 716 dies:

246 753 334 810 perge,
348 753 381 791 ne
393 753 531 792 remorare.

207 846 267 899 Nou
279 843 326 899 diu
340 851 484 899 remoratus
496 861 533 898 es.

206 920 262 973 lum
275 919 359 974 venis.
398 919 469 973 Bona
482 926 506 972 te
517 919 606 974 Venus

208 993 316 1047 iuverit:
337 993 464 1065 quoniam
476 993 572 1064 pulum,

207 1067 280 1139 quod
292 1068 376 1139 cupis,
391 1069 471 1138 capis,
486 1074 511 1121 et
522 1069 622 1122 bouum

247 1159 298 1196 nou
312 1141 451 1196 abscondis
464 1157 588 1196 umorem.

207 1265 255 1322 Ille
265 1264 384 1337 pulveris
396 1265 477 1319 dirici

208 1340 379 1411 siderumque
391 1339 546 1394 micantium

209 1413 339 1469 subducat
350 1430 493 1469 numerum
505 1414 589 1485 prim,

209 1489 257 1561 qui
270 1489 349 1542 vestri
362 1505 500 1543 numerare
512 1487 567 1542 volt

248 1562 331 1618 mulin
344 1563 428 1617 millia
441 1561 508 1618 ludi.

209 1671 312 1736 Ludite,
327 1679 357 1725 ut
369 1671 450 1735 lubet,
465 1677 490 1725 et
501 1671 574 1726 brevi

209 1744 305 1800 liberos
317 1745 385 1800 date.
425 1747 484 1800 Non
497 1745 569 1799 decet

210 1827 264 1874 tem
276 1827 352 1874 vetus
365 1819 423 1874 sine
434 1818 524 1874 liberis

210 1911 305 1952 nomeu
318 1911 389 1959 esse,
409 1893 456 1948 sed
468 1892 585 1948 indidem

249 1985 353 2040 semper
364 1968 521 2042 ingenerari.

211 2077 367 2149 Torquatus,
383 2075 451 2142 volo,
466 2075 594 2148 parvulus

210 2151 302 2206 matris
314 2168 329 2205 o
340 2151 441 2225 grermo
453 2167 516 2205 suae

210 2226 347 2299 porrigens
359 2235 460 2281 teucrus
472 2242 577 2288 munus,

211 2299 288 2355 dulce
299 2299 383 2355 rideat
394 2299 429 2355 ed
439 2306 540 2370 patrem

252 2375 408 2430 semihiante
421 2373 524 2428 labello.

212 2482 252 2538 Sit
263 2499 312 2538 suo
324 2481 421 2537 similis
433 2483 501 2553 patri

213 2556 321 2621 Manlio,
337 2563 361 2612 et
373 2555 449 2611 focile
461 2556 552 2610 insciis

213 2633 354 2688 noscitetur
366 2631 401 2686 ab
412 2631 547 2690 omuibus.
