2030 3036
261 130 470 188 CARMINUM
491 133 616 186 LIBER.
779 139 811 190 05

99 241 211 312 herique
225 237 344 294 villulam
357 238 546 312 hortulumque
558 243 682 313 pauperis

99 324 167 380 tuor,
184 310 399 384 malasqueiuris
412 331 486 368 areeo
498 332 604 370 manus.
854 331 865 371 5
944 329 947 336 ’

99 389 166 445 Mihi
179 386 274 442 eoi-olla
287 387 355 458 pieta
367 405 428 442 vere
439 390 560 459 ponitur:

99 463 167 518 mihi
181 461 280 516 rubens
293 461 372 515 arista
384 460 439 516 sele
450 461 564 518 fervido:

99 537 168 592 mihi
182 537 281 590 virente
293 535 380 590 duleis
392 553 446 590 uve
458 542 596 608 pampino:
677 581 679 586 .

99 612 223 682 mihique
234 609 328 682 glauca
340 609 408 664 duro
419 609 489 665 oliva
501 610 606 685 frigore.

100 687 165 740 Meis
178 683 277 756 oapelle
289 683 397 739 delienta
409 685 515 756 pascuis

101 761 127 815 in
141 759 237 814 urbem
249 758 338 814 adulta
351 758 415 813 laete
428 767 512 830 portat
524 761 619 815 ubere:

100 835 221 906 meisque
233 833 343 906 pinguis
355 851 442 906 eguus
454 850 488 888 ex
499 833 616 890 utilibus

99 925 208 982 gravem
220 907 331 962 demum
342 907 450 962 remittit
462 925 520 964 aere
531 908 678 964 dexteram:

101 979 234 1054 tenerque,
249 989 332 1036 matre
344 982 486 1056 mugiente,
501 983 608 1038 raceula

100 1057 180 1112 deum
193 1054 328 1128 profundit
340 1064 400 1111 ante
411 1056 508 1128 templa
521 1058 689 1131 sanguinem.
839 1069 863 1111 15

100 1131 187 1195 Proin,
204 1131 294 1195 viator,
309 1129 382 1185 hune
393 1129 473 1185 deum
486 1132 625 1196 vereberis,

100 1221 264 1276 manumque
275 1221 379 1259 sorsum
392 1204 512 1260 hebebis.
552 1207 606 1260 Heo
617 1206 666 1260 tibi
679 1205 797 1276 expedit:

98 1288 186 1350 parata
200 1295 316 1350 namque
326 1295 404 1343 enrx,
419 1279 478 1334 sine
489 1287 544 1334 arte
556 1279 683 1334 mentula.

100 1354 184 1409 Velim
196 1352 250 1424 pol,
265 1353 369 1424 inquis:
390 1361 417 1408 et
428 1352 482 1424 pol,
496 1369 563 1417 eoae,
585 1352 691 1408 villicus

99 1428 180 1491 venit,
196 1425 298 1481 valente
309 1427 372 1498 quoi
386 1426 490 1482 revulsa
502 1427 610 1483 brachio
836 1439 862 1480 ru

99 1502 127 1556 fit
139 1502 189 1556 ista
203 1500 320 1556 mentula
332 1509 391 1573 apta
404 1500 479 1556 olava
492 1501 622 1558 dexterae.

249 1627 326 1671 xxi.
351 1629 398 1671 ΔΙ)
420 1630 615 1674 AURELIUM.

134 1711 242 1784 Aureli,
257 1729 328 1792 pater
342 1721 525 1790 esuritionem.

100 1811 150 1850 non
164 1795 259 1850 harum
274 1794 360 1859 modu,
374 1794 421 1848 sed
434 1802 498 1865 quot
509 1801 555 1847 aut
568 1793 681 1858 luerunt,

98 1877 227 1933 amsani,
242 1877 287 1924 aut
299 1867 358 1923 aliis
371 1876 448 1924 erunt
461 1868 487 1922 in
501 1868 605 1932 annis„

98 1943 232 2013 paedicare
243 1944 319 2014 eupis
332 1959 404 1997 meos
417 1959 530 2007 amores3

98 2035 144 2071 nee
156 2016 240 2072 clam:
261 2033 323 2072 uam
336 2016 417 2070 simul
431 2034 468 2080 es,
485 2017 576 2070 iocaris
589 2033 651 2075 una,
848 2030 859 2070 5

97 2091 187 2146 haeres
200 2090 233 2145 ad
247 2090 324 2156 latus,
339 2091 428 2146 emnia
440 2090 577 2161 experiris.

96 2166 217 2221 Frustra:
239 2182 301 2234 uam
315 2165 424 2221 insidias
437 2165 504 2220 mihi
519 2165 689 2220 instruentem

97 2246 202 2312 tangam
215 2247 240 2294 te
252 2240 327 2310 prius
341 2241 519 2295 irrumatione.

95 2314 186 2386 Atqui,
202 2312 231 2367 id
243 2314 266 2367 si
279 2313 375 2368 laeeres
387 2321 469 2378 satur,
484 2321 604 2367 taeerem.

95 2389 174 2442 Nune
186 2388 276 2459 ipsum
289 2386 318 2442 id
326 2387 413 2451 deleo,
428 2387 500 2460 quod
513 2385 612 2440 esurire

95 2461 127 2515 alr
141 2479 218 2516 meus
231 2479 298 2533 puer
309 2470 335 2516 et
346 2462 419 2516 sitire
430 2461 521 2516 diseet.

94 2534 180 2600 Quare
192 2536 292 2601 desine,
307 2535 372 2590 dum
386 2534 445 2589 lieet
458 2535 566 2606 pudico:
626 2570 628 2572 -

95 2627 127 2663 ne
139 2611 221 2665 tinem
234 2609 323 2674 facias,
338 2609 384 2664 sed
397 2611 549 2664 irrumatus.
