2028 3034
218 161 428 219 cauumuu
448 163 570 218 LIBER.
736 167 771 219 75

186 338 317 382 LXXIX.
348 338 387 382 IN
415 340 587 384 LESBIUM.

22 423 139 487 Lesbius
152 438 192 486 est
203 429 326 502 pulcher:
341 430 456 502 quidni?
467 449 548 503 quem
561 433 655 488 Lesbia
668 435 751 502 malit,

57 524 140 579 quam
153 514 179 560 te
191 522 253 559 cum
265 512 316 560 tota
329 513 414 578 gente,
429 505 538 569 Catulle,
550 506 613 561 tua?

24 581 71 634 Sed
82 589 172 635 tamen
183 580 227 633 hic
238 579 348 649 pulcher
359 579 453 635 vendat
463 597 524 635 cum
534 589 611 654 gente
621 580 763 649 Catullum,

56 656 80 708 si
93 656 143 710 tria
158 663 280 709 notorum
292 655 366 711 savia
378 655 509 726 repererit.

196 815 309 859 LXXX.
338 816 385 858 AD
416 815 592 860 euenum.

22 915 98 990 Quid
111 923 213 990 dicam,
227 923 305 989 Gelli,
320 940 402 996 quare
415 939 487 978 rosea
500 924 549 978 ista
562 923 654 981 labella

57 998 168 1053 hiberna
181 997 245 1052 fiant
256 998 405 1053 candidiora
416 997 486 1062 nive,

19 1088 96 1126 mane
108 1072 188 1126 domo
200 1089 285 1144 quum
298 1074 355 1127 exis
364 1081 389 1126 et
401 1088 485 1143 quum
501 1079 524 1126 te
536 1081 626 1129 octava
638 1076 726 1146 quiete

55 1163 69 1199 e
82 1143 157 1200 melli
171 1145 249 1220 lenge
261 1148 373 1202 suscitat
385 1146 449 1200 hora
462 1145 523 1200 die?

19 1220 110 1274 Nescio
145 1219 192 1274 uid
203 1231 270 1274 certe
282 1229 330 1276 est.
358 1221 399 1275 An
413 1236 473 1274 vere
486 1219 555 1275 lama
567 1230 695 1287 susurrat,

53 1238 166 1367 grangia
178 1303 204 1348 te
215 1293 295 1349 medii
309 1302 378 1349 teuta
390 1311 481 1349 vorare
494 1293 563 1348 viri?

16 1365 60 1421 Sic
72 1377 154 1424 certe:
168 1367 282 1423 clamant
294 1369 405 1425 Victoris
418 1376 495 1440 rupta
508 1367 604 1423 miselli

55 1443 109 1509 ilia,
125 1450 151 1497 et
163 1442 266 1498 emulso
279 1441 350 1498 labra
364 1450 450 1498 notata
463 1459 530 1498 sero.

158 1609 287 1654 LXXXL
317 1611 363 1655 ΔΙ)
394 1607 619 1656 lUVENTlUM.

14 1693 140 1758 Nemone
152 1702 180 1756 in
195 1709 264 1758 tanto
276 1703 363 1774 pctuit
374 1702 473 1774 populo
483 1719 549 1767 1111,
565 1704 677 1769 Iuventi,

49 1775 139 1831 hellus
156 1776 245 1841 hamc,
259 1793 340 1848 quem
352 1784 382 1831 tu
394 1776 504 1850 diligere
515 1777 651 1849 inciperes,

11 1859 199 1923 praeterquam
212 1851 260 1905 iste
269 1859 332 1906 tuus
344 1851 503 1906 moribunda
513 1868 528 1906 a
540 1852 602 1907 sede
615 1853 717 1908 Pisauri

50 1925 157 1996 hospes,
172 1925 290 1979 inaurata
300 1924 423 1997 pallidior
437 1933 531 1991 statua,

12 2000 59 2069 qui
72 1998 124 2054 tibi
137 2015 210 2053 nunc
221 1999 291 2054 cordi
305 2007 352 2064 eet,
367 2016 448 2071 quem
458 2008 487 2055 tu
496 2017 653 2072 praeponere
667 2001 743 2056 nobis
802 2015 813 2055 1

49 2071 151 2130 audes?
162 2072 204 2130 Ah
215 2073 309 2137 nescis,
323 2073 396 2146 quod
405 2073 507 2130 lacinus
521 2073 609 2132 facias.

161 2228 308 2272 LXXXll.
339 2231 385 2273 ΔΙ)
415 2230 616 2281 cumulum.

14 2324 122 2402 Quinti,
137 2335 161 2391 si
174 2337 224 2392 tibi
236 2335 278 2392 111
290 2336 379 2392 ocules
391 2337 485 2393 debere
497 2337 641 2404 Catrsslum,

47 2419 93 2466 aut
105 2410 190 2476 aliud,
204 2410 305 2483 siquid
317 2413 403 2466 carius
415 2421 455 2468 est
465 2412 562 2477 eoulie3

11 2485 108 2557 eripere
120 2487 144 2541 ei
156 2484 221 2550 noli,
235 2485 320 2540 multo
331 2486 404 2558 quod
415 2487 503 2542 carius
515 2486 555 2540 illi

46 2570 84 2615 est
96 2559 192 2626 oeulis,
207 2560 231 2613 si
244 2560 311 2632 quid
323 2561 409 2616 carius
419 2568 458 2616 est
469 2558 563 2616 oculis.
