2040 3030
202 146 274 200 LIB.
296 146 349 200 lll.
379 145 493 200 ELEG.
516 147 627 201 XVlll.
649 148 733 202 XIX.
789 150 840 204 247

93 254 166 310 testis
176 253 326 310 Thessalioo
334 252 448 327 flagrans
458 253 590 309 Salmonis
599 254 708 326 Enipeo,

129 346 199 401 quae
208 328 292 384 voluit
301 329 404 400 quuido
412 336 463 383 tota
473 327 564 383 subire
573 327 630 383 deo.

93 403 201 460 Crimen
210 411 235 458 et
244 403 290 458 illa
299 401 357 468 luit,
369 404 452 475 patria
462 420 586 458 suooensa
594 412 705 468 senecta,
869 416 894 459 15

18 515 21 550 ξ
130 478 232 533 arboris
243 479 270 532 in
281 477 386 533 frondes
396 477 499 532 oondita
508 477 617 551 Myrrha
627 495 718 534 novae.

93 554 161 609 Nam
172 551 239 624 quid
248 553 353 608 Medeae
361 551 471 607 referam
481 569 535 624 quo
544 559 659 624 tempore
668 554 759 608 matris

130 628 198 682 iram
207 634 330 682 natorum
341 626 419 681 caede
427 627 510 698 piavit
520 625 610 682 amor?

92 701 193 774 quidve
202 701 431 776 Clytaemestrae,
443 709 638 774 propterquam
647 709 699 758 tota
708 703 827 777 Mycenis

131 775 238 832 infamis
248 783 340 847 stupro
349 783 400 830 stat
408 776 517 848 Pelopea
526 775 640 832 domus?
868 788 893 832 20

92 859 176 923 tuque
184 867 201 905 o
210 850 297 906 MInoa
307 850 474 917 venumdata,
486 850 583 925 Soylla,
596 852 690 925 figura,

131 925 241 980 tondens
249 941 380 997 purpurea
393 942 473 999 regna
481 933 588 997 paterna
597 943 681 982 coma.

93 1001 166 1056 llauo
175 1000 256 1074 igitur
266 999 353 1055 dotem
364 1001 440 1074 virgo
448 1000 620 1072 desponderat
629 1003 712 1058 hosti!

129 1076 154 1130 N
155 1076 201 1140 iso,
214 1083 272 1130 tuas
281 1083 368 1148 portae
379 1074 470 1130 fraude
480 1075 586 1132 reclusit
595 1077 687 1135 Amor.

92 1149 126 1205 At
135 1167 191 1215 vos,
204 1150 339 1220 innuptae,
351 1148 454 1204 felicius
464 1152 531 1205 urite
544 1151 645 1208 taedas:
867 1161 893 1206 2¹.

130 1222 225 1295 pendet
234 1223 338 1279 Cretaea
348 1230 427 1278 tracta
437 1222 524 1294 puella
534 1232 597 1278 rato.

92 1301 151 1353 Non
161 1304 248 1352 tamen
258 1297 389 1365 immerito
398 1297 484 1352 Minos
494 1298 566 1352 sedet
575 1298 670 1353 arbiter
679 1299 750 1355 Orci.

131 1373 217 1428 Victor
225 1378 280 1427 erat
289 1371 423 1444 quamvis,
435 1387 537 1443 aequus
547 1373 576 1426 in
585 1373 658 1428 hoste
667 1372 727 1428 luit.

329 1487 493 1532 ELEGIA
520 1486 631 1532 xv111.

92 1553 189 1618 Credis
197 1579 260 1617 eum
269 1562 323 1616 iam
332 1578 409 1634 posse
419 1570 479 1617 tnae
488 1561 641 1617 meminisse
650 1563 759 1636 figurae,

129 1636 243 1691 vidistia
254 1638 318 1696 lecto
328 1653 408 1708 quem
418 1635 480 1691 dare
489 1635 547 1691 vela
556 1634 619 1690 tuo‘?

91 1711 187 1775 Durus,
200 1711 248 1783 qui
258 1710 332 1765 luoro
340 1711 425 1782 potuit
433 1718 534 1766 mutare
543 1709 670 1782 puellam.

128 1785 252 1840 Tantisne
262 1785 290 1839 in
299 1783 415 1841 lacrimis
425 1783 512 1840 Africa
523 1792 575 1839 tota
584 1783 653 1838 luit‘l

90 1858 123 1914 At
134 1866 170 1923 tu.
182 1858 271 1924 stulta,
284 1859 355 1924 deos,
368 1859 486 1933 tulingis
497 1859 586 1914 inania
596 1859 685 1914 verba.
880 1873 891 1914 o

127 1933 245 1988 Forsitan
257 1933 301 1988 ille
311 1933 362 1989 alio
371 1941 462 2006 pectus
472 1951 560 1989 amore
568 1934 637 1989 terit.

88 2009 136 2064 Est
145 2009 193 2063 tibi
203 2007 287 2064 forma
297 2017 397 2081 potens,
409 2017 473 2064 sunt
482 2017 566 2064 castae
574 2008 689 2064 Palladis
699 2017 776 2078 artos,

126 2082 341 2156 splendidaquea
353 2084 427 2140 docto
437 2084 505 2139 lema
516 2081 626 2158 refulget
636 2101 695 2139 avo.

89 2158 229 2212 Fortunata
238 2159 342 2224 domus,
355 2158 432 2213 modo
442 2159 476 2213 sit
485 2158 533 2213 tihi
544 2158 614 2214 fidus
624 2159 736 2212 amicus.

125 2230 209 2286 Fidus
219 2247 276 2287 ero:
296 2232 325 2286 in
335 2239 436 2286 nostros
447 2249 532 2298 ourre,
543 2231 641 2303 puella,
653 2233 740 2287 sinus.
864 2244 890 2287 10

327 2336 487 2380 ELEGII
516 2335 594 2381 XIX.

87 2400 154 2467 Nox
164 2411 231 2466 mihi
241 2411 327 2483 prima
339 2411 422 2480 venit;
434 2411 534 2484 primae
543 2411 602 2468 date
611 2419 727 2486 tempora
737 2415 819 2471 nortl:

125 2484 231 2561 longius
241 2486 270 2540 in
279 2486 374 2558 primo.
386 2487 471 2552 Luna,
483 2504 584 2542 morare
594 2495 662 2544 toro:

87 2569 117 2617 tu
126 2577 242 2634 quoque,
254 2561 301 2634 qui
312 2561 423 2617 aoetit'oo
432 2563 573 2634 spatiosius
582 2563 668 2638 exigis
679 2563 762 2638 ignes,

124 2635 235 2704 Phoebo,
248 2644 394 2694 moraturae
402 2638 600 2696 oontraheluois
613 2639 672 2696 iter.

961 2630 993 2658 A
