2020 3036
233 163 384 231 CAllllssN
393 166 445 220 Ulli
464 165 592 220 LIBER.
758 167 790 218 65

331 305 502 348 carusius

39 384 98 437 Non
113 382 181 435 istuc
194 380 258 434 satis
270 386 309 434 est
322 387 412 434 uncte
425 378 510 434 dicere
523 379 615 434 verbo:
819 390 844 432 15

78 455 125 510 sed
137 454 230 519 facere,
246 462 276 507 ut
288 455 380 527 quivis
393 454 487 508 sentiat
499 460 524 508 ct
538 453 633 508 videat.

379 578 482 620 larun

43 654 94 720 Qui
108 651 238 725 possum?
250 653 334 707 Nemo
347 651 459 724 quaerit,
475 667 523 706 nec
535 652 601 706 scire
615 650 723 707 laborat.

327 757 499 800 circinus

79 836 133 889 Ncs
149 832 286 888 volumus:
303 832 378 888 nobis
392 831 476 888 dicere
490 850 522 887 ne
534 832 636 888 dubita.

366 939 468 982 lirun

43 1015 162 1069 Primum
176 1014 267 1088 igitur,
279 1014 356 1086 virgo
364 1013 437 1085 quod
450 1013 531 1070 fertur
543 1017 636 1071 tradita
650 1017 735 1081 nobis,

77 1087 189 1144 falsumr
201 1095 253 1144 cst:
265 1106 317 1144 non
331 1094 380 1161 qul
393 1087 466 1144 illam
481 1090 522 1143 vir
533 1090 606 1161 prior
618 1092 739 1164 attigerit,
818 1102 843 1162 uc

43 1163 193 1237 languidior
205 1171 292 1218 tenera
305 1163 369 1235 quoi
381 1163 499 1234 pendens
510 1165 593 1221 sicula
603 1165 662 1220 beta

79 1255 219 1310 nunquam
232 1255 262 1292 se
274 1237 388 1292 mediam
401 1239 509 1293 sustulit
521 1239 555 1293 ad
568 1241 697 1294 tunicam:

41 1313 89 1368 sed
101 1321 173 1383 pater
185 1311 259 1368 illius
272 1313 326 1368 nati
336 1312 449 1368 violasse
461 1313 549 1368 cubile

79 1387 184 1452 dicitur3
199 1395 224 1442 et
235 1387 359 1443 miseram
372 1387 561 1446 conscelerasse
573 1388 692 1451 domum,

41 1464 98 1518 sive
111 1462 183 1534 quod
195 1463 277 1534 impin
290 1479 366 1518 mens
376 1479 451 1518 caecc
464 1462 590 1538 flagrabat
602 1480 698 1520 amore,
818 1475 842 1518 25

78 1555 126 1592 seu
139 1537 211 1609 quod
224 1539 294 1592 iners
306 1537 387 1593 sterili
400 1539 501 1593 semine
514 1546 663 1602 manserat,

39 1613 276 1686 quaerendumque
289 1613 408 1668 necunde
416 1612 480 1668 fcret
491 1615 629 1670 nervosius
643 1613 719 1678 illud,

77 1686 150 1760 quod
163 1695 250 1758 posset
262 1706 356 1744 zonam
368 1687 470 1744 solvere
482 1689 639 1762 virgineam.

329 1795 500 1839 carusius

39 1869 186 1942 Egregium
200 1887 291 1924 narras
304 1871 370 1925 mira
384 1871 477 1941 pietate
487 1878 630 1942 parentem,

76 1945 125 2016 qui
139 1961 196 2015 ipse
208 1945 251 1999 sui
265 1945 319 1999 nati
332 1946 458 2000 minxerit
471 1946 498 2000 in
511 1945 654 2020 gremium.
817 1958 842 1999 30

361 2051 465 2096 lanum

42 2123 121 2196 Atqui
135 2142 188 2180 non
201 2123 289 2181 sclum
302 2127 352 2182 hcc
370 2145 399 2182 se
410 2127 475 2182 dicit
486 2129 621 2201 cognitum
635 2127 730 2182 habere

75 2199 165 2254 Brixia
178 2200 297 2274 Cycneae
309 2203 445 2274 supposita
458 2202 579 2274 speculas

42 2269 150 2344 [Flavus
163 2292 246 2347 quam
259 2276 332 2332 molli
346 2278 475 2348 percurrit
486 2277 596 2333 flumine
608 2275 688 2330 Mela:

76 2348 165 2404 Brixia
180 2351 296 2406 Veronae
309 2359 391 2407 mater
400 2359 485 2408 amata
499 2347 597 2424 meae:]

41 2421 85 2476 sed
97 2423 130 2479 de
142 2426 278 2480 Postumio
288 2435 313 2481 et
325 2426 428 2483 Corneli
443 2436 530 2482 narrat
542 2441 638 2489 amore,
817 2434 841 2477 35

75 2515 137 2555 cum
149 2500 252 2572 quibus
266 2501 310 2556 ille
320 2501 421 2556 malum
435 2501 494 2556 iecit
506 2500 675 2556 adulterium.

40 2571 137 2630 Dixerit
147 2577 193 2630 lrlc
205 2574 318 2648 aliquis:
345 2576 416 2642 »Qui
430 2585 458 2632 tu
471 2577 578 2642 isthaec,
596 2577 683 2640 ianua,
699 2584 776 2640 nostr,

74 2652 137 2723 quoi
151 2669 303 2724 numquam
316 2651 418 2706 domini
432 2650 524 2706 limine
535 2653 626 2708 abessa
639 2649 707 2715 licet,

74 2741 183 2799 erran.
656 2742 675 2795 u
