2028 3034
261 145 470 202 CARMINUM
490 147 617 202 LIBER.
775 150 804 200 tt

99 274 148 328 pro
160 255 262 320 multis,
278 253 340 320 Alli,
356 254 473 310 redditur
485 253 592 322 officiis3
825 268 863 309 150

65 348 96 386 ne
109 339 228 385 vestrum
242 329 334 383 scabra
346 336 435 402 tangat
448 328 571 400 rubigine
584 345 679 384 nomeu

100 405 165 460 haee
177 412 256 476 atque
266 402 312 457 ille
324 403 389 468 diss,
402 412 480 474 atque
492 402 552 468 ulis,
567 411 645 474 atque
657 403 716 458 5115.

65 479 121 533 lluc
133 478 230 534 addent
241 477 298 532 divi
311 495 393 549 quem
405 477 529 548 plurima,
544 493 613 548 quae
625 477 732 533 Themis
745 480 808 533 olim

100 553 155 608 euti
175 554 218 606 uis
231 552 307 607 solita
320 559 359 606 est
371 568 480 606 munera
493 551 559 606 ferre
571 552 633 622 piis.

65 627 125 681 Sitis
140 571 229 681 ldliees
241 634 266 681 et
277 633 307 681 tu
319 624 410 691 simul,
425 635 450 679 et
462 634 506 680 tue
520 629 582 690 vite,
824 639 862 681 155

100 709 125 756 et
138 702 233 756 domus
246 701 312 772 ipse,
328 701 356 755 in
369 717 422 772 qua
435 700 558 764 lusimus,
572 709 598 756 et
610 700 729 769 domine3

64 785 88 830 et
99 777 148 848 qui
160 775 290 846 principio
303 775 380 830 nubis
392 782 487 828 terram
500 774 580 840 dedit,
595 793 609 830 5
622 793 676 848 quo

100 857 164 904 sunt
176 850 261 920 prime
275 849 351 904 nobis
363 850 452 905 omniu
465 857 524 904 nata
537 849 619 918 boua3

64 933 95 988 et,
112 923 191 996 longe
203 930 262 978 ante
274 940 366 978 omnes
379 923 446 977 mihi
458 940 526 996 quae
539 940 581 978 me
593 926 676 980 carior
689 926 746 996 ipso
757 935 805 991 est,

101 997 149 1052 lux
161 1013 229 1062 mea,
243 1014 297 1069 qua
311 998 372 1052 viva
385 998 474 1052 vivere
485 997 562 1052 dulce
574 999 641 1054 mihi
654 1007 701 1054 est.
824 1011 862 1052 lte

266 1125 367 1168 uxlx.
397 1126 443 1168 ΔΙ)
473 1127 609 1171 nurum.

65 1206 130 1271 Noli
142 1216 276 1282 admirari,
291 1233 374 1288 quare
385 1216 434 1271 tibi
447 1215 543 1272 semina
558 1218 640 1283 nulla,

100 1289 176 1355 Rufe,
187 1291 250 1346 velit
262 1299 381 1346 tenerum
394 1292 565 1362 supposuisse
576 1291 677 1347 lemur:

66 1381 117 1420 non
129 1366 153 1419 si
163 1363 236 1420 illam
250 1382 322 1420 rarae
335 1364 471 1419 labefactes
484 1382 593 1420 munere
607 1367 695 1431 vestis,

100 1446 146 1494 eut
157 1437 313 1510 pelluciduli
325 1439 427 1494 delieiis
440 1439 546 1511 lapidis.

64 1513 154 1568 Laedit
165 1521 191 1567 te
203 1513 333 1586 quaedem
342 1513 412 1569 mula
424 1514 522 1578 fabula,
538 1531 590 1586 que
600 1515 648 1569 tibi
662 1514 742 1571 fertur
850 1531 861 1570 5

101 1586 169 1644 velle
179 1589 231 1642 sub
243 1587 346 1642 alarum
358 1595 421 1643 trux
433 1587 552 1643 habitere
560 1605 647 1660 ceper

63 1663 140 1716 lluno
158 1670 279 1718 metuunt
296 1680 401 1718 omues:
422 1679 508 1734 neque
521 1663 634 1730 mirum3
658 1681 721 1719 nam
738 1665 807 1720 mala

557 1737 632 1790 valde
644 1745 683 1792 est

99 1809 191 1874 bestie,
207 1826 255 1864 nee
267 1813 377 1881 quleum
390 1809 459 1864 belle
470 1809 558 1881 puelle
568 1811 654 1865 cribet.

61 1885 149 1951 Quare
160 1891 206 1939 aut
216 1884 348 1938 crudelem
361 1901 486 1940 nasorum
499 1885 614 1940 interfice
625 1893 734 1956 pestem,

99 1966 146 2014 aut
158 1958 282 2014 admirari
296 1959 395 2024 desine,
410 1975 457 2014 eur
471 1957 583 2033 fugient.
835 1973 860 2015 tu

98 2086 186 2131 Lxx.
216 2087 262 2130 DE
292 2085 582 2130 lNcottsTeN'rle
610 2087 767 2132 FEllllNEl

360 2158 503 2202 AMORIS.

61 2242 141 2307 Nulli
154 2269 184 2306 se
195 2251 260 2306 dicit
271 2249 368 2305 mulier
381 2267 438 2306 mee
450 2251 550 2306 nubere
562 2249 649 2315 malle,

97 2343 181 2399 quam
194 2325 276 2380 mihi:
291 2342 344 2379 nen
357 2325 380 2378 si
393 2342 422 2379 se
434 2325 534 2397 Iupiter
545 2325 600 2395 ipse
613 2332 691 2396 petet.

59 2401 139 2456 llicit:
155 2399 203 2455 sed
216 2396 313 2454 mulier
325 2398 422 2469 cupido
434 2398 507 2470 quod
519 2398 583 2452 dicit
596 2399 703 2464 ementi,

96 2476 125 2531 in
139 2482 218 2530 vente
229 2481 255 2530 et
267 2473 358 2545 rapida
370 2473 483 2528 scribere
494 2480 593 2544 eportet
604 2489 683 2545 equa.
