2040 3030
187 153 238 208 2³4
452 150 666 207 PROPERTII

427 365 590 411 tutele
619 366 698 410 vm.

188 469 320 546 Mirabar,
333 477 463 552 quidnam
472 479 607 536 misissent
616 497 694 536 mane
703 481 841 550 Camenae,

225 562 284 609 ante
294 571 385 610 meum
394 561 492 609 stantes
502 553 556 610 sole
565 555 676 610 rubente
684 565 781 612 terum.

188 628 287 684 Natalis
297 636 400 684 nostrae
409 629 519 703 signum
529 629 624 684 misere
635 631 746 701 puellae,

224 710 249 758 et
258 704 383 760 manibus
391 702 490 759 {austes
499 711 538 758 ter
547 721 671 775 crepuere
682 723 770 762 senos.

133 788 145 830 e
189 778 313 834 Transeat
321 779 366 833 hie
375 778 434 834 eine
442 777 513 834 nube
523 777 588 844 dies,
601 786 670 834 stant
679 782 737 835 aere
747 781 827 847 venti,

224 860 303 923 ponat
312 859 337 907 et
346 853 375 908 in
385 853 455 908 sieeo
465 853 580 908 molliter
589 854 660 910 unda
670 855 767 912 minae.

187 925 777 998 Adspiciamnulloehediernalueedelentes,

224 1007 249 1054 et
258 1000 357 1055 Niobae
367 1000 489 1056 lacrimas
500 1002 649 1074 supprimat
659 1003 715 1078 ipse
725 1003 801 1075 lapis.

187 1074 336 1149 Alcyonum
344 1075 438 1147 positis
447 1075 612 1148 requiescant
620 1093 665 1132 era
675 1078 803 1150 querelis3

133 1161 159 1203 ιο
224 1149 340 1222 increper
348 1150 789 1227 absumtumneosuametarltyn.

187 1224 291 1297 Tuque,
301 1244 319 1281 ο
327 1241 387 1281 eara
395 1224 473 1290 mth,
484 1224 605 1281 felicibus
615 1227 682 1282 edita
693 1228 796 1299 peanis,

224 1317 312 1374 surge,
327 1307 353 1356 et
361 1307 497 1374 posennus
507 1301 575 1358 Iusta
585 1318 690 1373 precare
699 1303 774 1357 dees:

186 1390 217 1429 ae
225 1375 343 1447 primum
352 1393 420 1448 pura
429 1393 554 1432 somnum
563 1377 612 1431 tibi
622 1377 723 1432 discute
732 1376 851 1451 lympha,

224 1457 249 1505 et
258 1450 355 1507 nitidae
363 1468 454 1523 praeeo
462 1451 557 1523 pellitae
568 1451 639 1526 finge
648 1469 749 1507 eomas:

132 1535 158 1579 ¹5
187 1524 248 1581 dein
257 1542 311 1597 qua
320 1525 424 1598 pridem
432 1525 521 1581 oeulos
530 1526 622 1597 eepisti
632 1533 704 1582 veste
712 1527 836 1598 Properat,

223 1600 314 1666 indue,
326 1617 374 1656 nee
382 1617 499 1656 vacuum
507 1598 569 1656 flore
578 1599 699 1673 relinque
711 1607 802 1672 eaput:

186 1681 211 1730 et
219 1682 285 1746 pete,
297 1692 351 1747 qua
360 1674 453 1748 polles,
464 1682 495 1730 ut
504 1675 540 1730 eit
548 1675 597 1732 tibi
607 1675 690 1731 forma
698 1674 836 1747 perennis.-

224 1753 306 1823 inque
314 1767 406 1806 meum
415 1765 519 1822 semper
528 1758 597 1806 stent
606 1758 651 1805 tua
661 1767 742 1823 regna
751 1755 839 1821 eaput.

186 1823 393 1880 lademronatu
401 1825 716 1895 ubiturepiaverisaras,

131 1909 157 1953 2⁰
225 1899 322 1955 luxerit
330 1897 532 1952 ettotaflamma
542 1897 657 1950 secunda
666 1893 758 1948 domo:

185 1974 220 2028 sit
229 1987 335 2027 mensae
343 1971 417 2032 ratio,
430 1985 537 2037 noxque
547 1969 614 2021 inter
623 1966 717 2037 poeula
727 1973 823 2030 currat,

222 2054 247 2100 et
255 2044 358 2100 crocino
367 2058 443 2095 nares
451 2039 593 2094 murrheus
605 2047 689 2114 ungat
696 2055 779 2112 onyx.

185 2121 259 2174 Tibia
269 2114 404 2170 nocturnis
414 2113 655 2170 suoeumbetrauca
663 2113 773 2180 choreis,

220 2199 245 2246 et
254 2190 308 2245 siut
317 2189 450 2263 nequitiae
459 2187 541 2244 libera
551 2190 632 2246 verba
643 2196 714 2245 tuae:

130 2279 155 2322 2⁵
184 2266 325 2338 dulciaque
334 2265 451 2340 ingratae
459 2264 577 2322 adimant
586 2265 707 2324 eonvivia
717 2281 838 2322 somnos:

220 2341 327 2414 publiea
337 2341 440 2398 vicinae
449 2348 593 2414 perstrepet
602 2360 667 2398 aura
675 2339 744 2398 viae.

185 2417 224 2472 Sit
233 2435 290 2473 sors
299 2424 325 2472 et
334 2417 411 2474 nobis
420 2415 533 2473 talorum
544 2417 683 2490 interprete
692 2415 769 2482 iaetu,

220 2510 301 2566 quem
311 2493 440 2566 gravibus
449 2493 544 2564 pennis
552 2493 671 2549 verberet
680 2490 725 2548 ille
733 2507 809 2563 puer.

185 2567 274 2636 Quum
284 2566 363 2623 fuerit
372 2567 464 2623 multis
472 2576 561 2623 exacta
571 2566 711 2624 mentibus
720 2565 793 2633 hora,

131 2651 157 2692 ²0
223 2643 305 2700 noetis
313 2651 339 2700 et
347 2643 466 2700 instituet
475 2659 548 2699 saera
557 2643 681 2700 ministre
690 2641 793 2700 Venus:
