2040 3030
193 154 243 210 246
458 148 670 206 PROPERTIl

230 259 278 312 Tot
287 257 356 312 bona
364 264 418 312 tam
427 275 510 329 parvo
520 258 614 313 elausit
623 259 651 314 in
660 257 723 314 orbe
732 257 798 314 dies.

193 335 295 397 launo,
309 331 370 388 tolle
380 333 492 399 animos,
504 340 530 387 et
538 341 625 388 tecum
636 333 706 406 finge
715 333 875 405 triumphos,
995 391 996 398 χ

229 407 377 479 stantiaque
387 409 415 462 in
425 407 550 480 plausum
558 415 610 462 tota
620 408 718 463 theatra
729 408 829 463 iuvent.

193 480 316 536 Attalicas
325 498 421 553 supera
431 490 525 548 vestes,
537 491 616 554 atque
624 484 713 538 omnia
723 484 828 556 magnis

138 567 164 610 2⁰
249 573 351 611 emmea
361 557 415 611 sint
424 555 509 612 ludis:
530 558 639 631 ignibus
650 558 697 612 ista
707 557 793 612 dabis.

254 638 341 686 tamen
351 631 404 685 huo
412 647 518 687 ornnes:
537 633 591 687 huo
599 633 702 704 primus
711 640 736 686 et
745 631 856 687 ultimus
866 632 940 689 ordo.
998 668 999 698 t

229 706 278 760 Est
287 704 365 771 mela,
378 705 425 760 aed
435 707 536 761 eunetis
546 707 595 761 ista
604 707 710 762 terenda
720 707 774 762 via.

192 779 332 836 Exoranda
342 781 415 835 canis
426 781 476 836 tria
486 788 549 836 sunt
558 779 677 837 latrantia
686 780 766 836 oolla:

230 853 379 910 scandenda
388 863 428 910 est
437 857 504 910 torvi
513 855 619 927 publiea
629 857 726 930 cymba
734 856 815 911 senia.

138 940 164 983 25
194 928 241 983 llle
250 927 310 983 lieet
318 927 386 983 ferro
395 938 488 984 cautus
496 947 526 984 sa
533 929 627 985 00th
634 938 660 985 et
671 947 737 996 aare,

230 1019 301 1056 mors
311 1011 398 1057 tamen
409 1002 543 1058 inolusum
553 1004 680 1074 protrahit
690 1004 753 1059 inde
761 1012 849 1076 caput.

194 1078 271 1132 Nirea
281 1093 334 1131 non
344 1075 431 1142 facies,
444 1093 497 1132 non
507 1078 550 1133 vis
562 1079 659 1133 exemit
668 1077 808 1144 Achillem,

231 1151 358 1207 Croesum
367 1160 421 1218 aut,
434 1151 530 1208 Pactoli
540 1170 608 1226 quas
617 1153 686 1225 parit
694 1154 800 1218 humor,
812 1170 885 1226 opes.

194 1224 253 1302 [llio
261 1225 325 1282 olim
336 1226 441 1301 ignaros
451 1227 538 1284 luotus
550 1227 688 1301 populavit
696 1228 819 1294 Achivos,

139 1311 166 1355 to
233 1302 339 1357 Atridae
348 1319 445 1377 magno
456 1321 543 1376 quum
552 1304 622 1358 stetit
630 1303 694 1360 alter
706 1300 800 1376 amon]

194 1376 228 1432 At
237 1377 296 1443 tibi,
308 1385 396 1444 nauta,
407 1377 465 1451 pias
475 1378 617 1434 hominum
626 1379 675 1451 qui
684 1378 782 1432 traiioia
791 1377 910 1444 umbras,
1004 1378 1005 1400 ¹

231 1451 285 1507 huo
294 1453 398 1508 animae
406 1461 508 1525 portent
518 1471 613 1525 eorpus
623 1454 701 1508 inane
711 1459 783 1508 tuae:

194 1545 249 1600 qua
258 1526 362 1583 Siculae
370 1529 453 1584 vietor
462 1527 565 1583 telluris
575 1527 712 1593 Claudius,
724 1535 749 1582 et
758 1544 812 1600 qua

233 1602 767 1658 Caesarnbhumanaoeasitinastravia.

429 1731 591 1775 Endera
618 1731 711 1776 xvn.

196 1814 334 1879 Obiioitur
343 1826 417 1879 toties
428 1841 443 1878 a
453 1832 477 1878 te
486 1824 554 1878 mihi
564 1830 651 1878 nostra
665 1821 757 1876 libido.

233 1897 401 1960 (laedamini,
414 1897 490 1951 vobis
500 1897 611 1966 imperat
619 1894 664 1949 illa
673 1895 769 1966 magia.

196 1973 256 2035 Vos,
268 1970 315 2024 ubi
325 1969 446 2022 oontemti
457 1968 566 2038 rupistis
575 1967 648 2021 irena
656 1967 774 2037 pudoris,

233 2042 337 2097 nescitis
347 2048 435 2110 captae
444 2041 539 2094 mentis
549 2039 645 2094 habere
654 2038 775 2094 modum.

142 2134 153 2174 5
196 2117 315 2172 Flamma
324 2130 372 2184 per
381 2115 500 2169 inoenaas
510 2114 588 2169 eitius
599 2113 703 2169 sedetur
713 2114 815 2179 aristes,

232 2188 396 2262 fluminaque
404 2188 438 2245 ad
447 2187 526 2245 lentis
535 2190 589 2246 sint
598 2189 712 2246 reditura
725 2197 816 2262 eaput:

195 2273 220 2320 et
228 2264 363 2337 placidum
373 2265 462 2341 Syrtes
472 2273 588 2339 portum,
600 2267 702 2322 etboua
711 2265 786 2322 litora
799 2268 887 2323 nautis

232 2340 356 2414 praebeat
364 2340 478 2415 hospitio
487 2360 564 2398 saeva
573 2342 655 2399 Malea
665 2360 727 2398 suo:

197 2434 278 2490 quam
288 2416 372 2488 possit
380 2426 479 2474 vestros
488 2419 633 2491 quisquam
642 2416 830 2490 reprehendere
838 2431 943 2483 eamus,

144 2503 169 2544 ro
237 2499 262 2548 et
272 2491 379 2564 rapidae
388 2493 509 2548 stimulos
519 2491 639 2567 frangere
647 2492 790 2565 nequitiae.

198 2569 292 2632 laetis,
305 2567 405 2623 Cretaei
414 2567 497 2624 fastus
507 2585 575 2641 quae
584 2585 661 2640 passe
671 2567 777 2623 iuvenci

237 2642 326 2698 induit
333 2643 460 2720 abiegnae
469 2659 567 2700 cornua
577 2642 642 2700 falsa
650 2642 740 2700 bovis:
