2040 3030
271 152 343 206 ΗΒ.
364 152 417 205 111.
446 154 562 206 ELEG.
584 155 621 206 11.
770 157 819 209 223

14 277 15 280 ’
70 270 96 315 at
105 261 197 314 Musae
206 261 321 324 comites,
333 267 358 314 et
367 260 484 314 carmina
493 276 552 313 cara
563 259 666 332 legenti,

13 299 17 416 i

108 343 134 388 et
143 333 245 389 defessa
254 335 342 388 choris
351 333 483 404 Calliopea
493 334 569 387 meis.

70 411 212 464 Fortunata
224 425 282 463 meo
291 408 315 461 si
326 425 378 478 qua
388 425 417 462 es
427 408 553 462 celebrata
565 406 663 470 libello,

109 484 227 538 carmina
235 489 313 538 erunt
325 481 424 536 formae
433 489 469 536 tot
479 490 650 536 monumenta
659 489 727 536 tuae.

71 560 140 613 Nam
150 573 237 629 neque
247 556 420 684 PYrarnidum
429 565 535 610 sumtus
546 555 580 610 ad
590 555 676 612 sidera
686 555 767 620 direti,

110 649 158 686 nec
167 631 237 686 lovis
246 631 268 684 E
279 631 304 684 ei
313 629 416 685 coelum
426 631 527 684 imitata
536 630 646 686 domus:

72 724 121 761 nec
131 704 256 760 Mausolei
266 704 341 760 dives
350 703 454 759 fortuna
464 703 578 776 sepulcri

110 781 202 834 mertis
211 780 246 834 ab
255 787 372 835 extrema
381 779 529 834 conditione
541 787 644 834 vacant.

73 857 126 910 Aut
136 854 189 910 illis
200 853 306 909 flamm
316 861 362 908 aut
370 854 456 909 imber
465 854 595 909 subducet
603 855 728 923 bonores,

110 947 240 984 annorum
252 936 297 984 aut
307 929 361 983 ictu
369 928 485 1001 pondera
498 931 563 985 vieta
573 938 660 984 ruent.

73 1005 106 1059 Αῑ
116 1021 169 1058 non
179 1004 287 1078 ingenio
298 1004 449 1076 quaesitum
460 1021 555 1059 nomen
565 1005 599 1060 ab
609 1021 673 1060 aevo

109 1079 223 1134 excidet:
245 1079 353 1153 ingenio
362 1087 413 1134 stat
421 1079 480 1134 sine
489 1087 572 1136 morte
581 1079 672 1135 decus.

339 1205 498 1249 sescla
527 1207 562 1250 11.

75 1291 164 1352 Visus
174 1314 254 1360 eram,
267 1296 341 1350 molli
351 1297 481 1351 recubans
491 1294 622 1350 Heliconis
632 1298 661 1352 in
671 1298 775 1363 umbra,

109 1370 314 1440 bellerophontei
324 1387 377 1441 qua
388 1368 447 1424 fluit
455 1368 552 1424 bumor
561 1370 633 1440 equi,

73 1463 155 1520 reges,
168 1444 244 1509 Alba,
256 1451 323 1509 tues,
336 1451 463 1516 stragem
473 1441 538 1497 fecta
548 1450 663 1508 tucrum,

109 1527 212 1575 tantum
221 1518 317 1590 operis,
330 1518 419 1572 nervis
428 1517 529 1572 hiscere
538 1533 615 1588 pcsse
625 1517 705 1572 meis:

72 1611 206 1666 parvaque
214 1600 269 1647 tam
280 1593 385 1664 magnis
394 1591 529 1646 admoram
540 1590 657 1646 fontibus
667 1609 721 1655 ora,

111 1667 181 1724 unde
190 1675 263 1738 pater
271 1667 363 1720 sitiens
372 1666 477 1721 Ennius
487 1673 547 1719 ante
556 1664 634 1730 bibit,

72 1750 97 1796 et
106 1741 188 1796 cecini
197 1739 291 1796 Curios
300 1739 400 1805 iratres,
413 1747 439 1794 et
447 1739 550 1794 Horatia
560 1739 623 1810 pila,

111 1815 236 1888 regiaque
244 1814 357 1870 Aemilia
367 1821 440 1869 vecta
450 1821 553 1885 tropaea
563 1820 626 1878 rate,

73 1890 245 1961 victricesque
254 1905 341 1944 meras
351 1889 436 1954 Fabii,
448 1905 621 1962 pugnamque
630 1888 765 1944 sinistram

109 1963 283 2028 Cannensem,
296 1971 322 2018 et
331 1980 421 2018 verses
430 1963 464 2018 ad
474 1963 519 2034 pia
528 1971 588 2036 vota
600 1963 672 2028 deos,

72 2037 299 2111 Hannibalemque
306 2039 387 2092 Lares
396 2039 514 2094 Romana
524 2038 585 2094 sede
594 2036 724 2112 fugantes,

109 2114 209 2167 anseris
218 2119 244 2166 et
253 2119 340 2168 tutum
349 2129 412 2168 voce
422 2111 504 2167 fuisse
514 2114 616 2168 lovem:

71 2202 157 2257 quum
167 2203 210 2239 me
219 2185 332 2240 Castalia
342 2186 482 2256 speculans
492 2204 526 2240 cx
535 2187 627 2242 arbore
637 2186 758 2240 Phoebus

109 2259 148 2312 sic
157 2258 201 2322 ait,
213 2267 303 2312 aurata
314 2259 395 2312 nixus
405 2259 439 2313 ad
449 2267 523 2314 antra
533 2258 605 2332 lyra:

72 2332 160 2399 »Quid
169 2333 217 2386 tibi
226 2349 288 2386 curn
298 2331 351 2395 tali,
364 2332 481 2396 demens,
493 2340 532 2386 est
541 2333 668 2388 flumine?
676 2335 739 2406 quis
749 2343 773 2388 te

109 2405 235 2460 carminis
245 2405 318 2460 heroi
327 2413 432 2479 tangere
443 2406 521 2461 iussit
532 2407 617 2479 opus?

72 2484 130 2536 Noa
140 2481 204 2535 binc
214 2479 267 2536 ulia
278 2479 326 2536 tibi
335 2481 464 2551 speranda
473 2490 512 2536 est
521 2481 600 2547 fama,
613 2482 742 2553 Properti:

108 2554 197 2610 mollia
207 2561 271 2610 sunt
279 2556 369 2626 parvis
378 2563 452 2627 prata
464 2557 568 2612 terenda
577 2557 650 2620 rotis,

71 2639 101 2686 ut
110 2638 172 2685 tuus
183 2629 211 2685 in
221 2646 329 2686 scamno
339 2629 447 2686 iactetur
457 2649 534 2702 saepe
544 2631 659 2696 libellus,
