2020 3036
191 184 225 238 tt
477 183 646 242 CATULLI

192 307 238 345 vos
248 289 329 344 nolite
335 291 390 362 pati
400 299 521 348 nostrum
531 310 669 350 vanescere
679 294 789 358 tructam,

136 375 175 419 000
189 363 235 419 sed
244 363 318 436 quali
328 363 411 420 sciam
421 366 537 422 Theseus
547 385 589 423 me
599 376 686 424 mente
695 369 810 442 reliquit,

189 437 235 493 tati
245 445 340 504 mente,
352 438 424 505 deae,
436 439 550 497 funestet
558 459 640 514 seque
649 460 796 516 suosque«

189 513 242 566 Has
250 519 391 585 postquem
402 523 500 570 moesto
509 515 627 587 profudit
633 524 735 588 pectore
743 535 828 585 voces,

190 586 351 658 supplicium
361 589 447 643 saevis
455 607 598 662 exposcens
608 592 686 646 anxia
695 590 785 647 factis:

189 661 284 715 annuit
292 661 390 716 invicto
399 663 540 718 coelestum
550 665 660 719 numine
669 673 759 730 rector,

135 744 174 788 000
188 751 243 806 quo
252 741 315 789 tunc
324 742 349 788 et
358 735 436 790 tellus
446 743 524 808 atque
533 738 639 792 horrida
648 747 862 795 contremuerunt

190 825 311 880 aequora,
324 810 509 882 concussitque
517 812 640 866 micantia
650 813 736 868 sidera
746 814 874 869 mundus.

189 883 248 953 Ipse
259 889 347 937 autem
356 900 430 938 caeca
439 892 554 939 mentem
563 885 675 960 caligine
684 888 801 943 Theseus

189 956 306 1011 consitus
315 955 396 1012 oblito
404 958 507 1012 dimisit
514 967 617 1030 pectore
625 969 728 1027 cuncta,

228 1047 258 1085 00
266 1031 388 1086 mandata
397 1033 473 1104 prius
483 1035 610 1089 constanti
620 1043 707 1090 mente
717 1035 832 1092 tenebat:

135 1114 174 1157 000
206 1103 275 1159 ulcia
285 1122 334 1159 nec
345 1113 443 1161 moesto
453 1107 595 1163 sustollens
605 1110 682 1182 signa
691 1111 802 1181 parenti,

188 1179 313 1250 sospitem
322 1179 500 1236 Erechtheum
510 1200 539 1237 se
547 1183 660 1238 ostendit
670 1184 754 1239 visere
763 1191 878 1256 portum.

189 1254 311 1326 Namque
320 1253 408 1310 ferunt
417 1254 490 1322 clim,
504 1256 581 1312 classi
591 1275 676 1330 quum
686 1259 789 1313 moenia
798 1258 875 1313 divae

188 1326 352 1399 linquentem
361 1337 472 1402 gnatum
479 1333 568 1387 ventis
577 1332 740 1389 concrederet
748 1331 861 1407 Aegeus,

188 1400 250 1456 talia
259 1399 427 1476 complexum
437 1405 528 1461 iuveni
539 1405 660 1462 mandata
669 1407 786 1462 dedisse:

134 1485 173 1530 000
187 1474 290 1531 »Gnate
299 1477 367 1531 mihi
378 1477 456 1552 ionga
465 1479 606 1536 iucundior
616 1481 693 1536 unice
703 1482 765 1545 vita,

187 1557 274 1623 gnate,
287 1567 425 1624 egoquem
436 1553 569 1608 indubios
578 1571 656 1626 cogor
669 1555 799 1609 dimittere
808 1571 894 1620 casus,

188 1623 325 1683 redditain
334 1633 465 1681 extremae
474 1645 559 1700 nuper
568 1628 636 1683 mihi
646 1630 699 1683 fine
708 1636 838 1683 senectae:

187 1697 403 1771 quandoquidem
412 1700 516 1757 fortune
527 1719 584 1758 mea
594 1719 624 1758 ac
634 1710 677 1758 tua
687 1702 787 1758 fervida
797 1703 897 1772 virtus!

187 1773 264 1846 eripit
274 1773 357 1829 invito
367 1775 435 1830 mihi
445 1783 479 1842 te,
490 1777 554 1848 quoi
564 1776 690 1850 languida
700 1776 820 1832 nondum

133 1855 172 1900 000
186 1845 289 1902 lumina
298 1856 361 1903 sunt
368 1850 441 1922 gnati
451 1867 510 1904 cara
520 1857 634 1904 saturata
644 1850 743 1922 figura:

187 1937 240 1975 non
250 1938 299 1994 ego
308 1929 334 1975 te
341 1922 461 1994 gaudem
471 1922 575 1976 laetanti
584 1929 686 1993 pectore
694 1922 806 1985 mittam,
844 1987 848 1998 Ι

188 2011 236 2050 nec
244 2002 270 2048 te
278 1994 344 2048 terre
353 1995 440 2050 sinam
449 1994 569 2049 fortunae
576 1996 653 2068 signa
662 1993 805 2049 secundae:

186 2067 232 2123 sed
241 2068 364 2138 primum'
369 2067 465 2122 multas
475 2085 627 2138 expromam
638 2075 724 2124 mente
733 2067 861 2142 quereias.

187 2142 309 2196 canitiem
320 2148 386 2194 terra
396 2148 475 2212 atque
485 2141 573 2198 intuso
581 2142 691 2214 pulvere
701 2143 822 2212 foedans3

132 2225 171 2270 000
184 2215 247 2270 inde
257 2213 350 2269 iniecta
359 2231 428 2288 rago
436 2216 597 2287 suspendam
607 2217 685 2274 lintea
699 2217 777 2284 malo,

186 2295 288 2344 nostres
298 2295 328 2343 nt
335 2287 422 2344 luctus
431 2298 586 2364 nostraeque
595 2293 716 2348 incendia
726 2293 822 2349 mentis

186 2362 311 2418 carbasus
320 2363 457 2420 obscurata
466 2365 535 2421 dicet
542 2366 677 2441 ferrugine
686 2368 768 2423 lbera.

187 2435 264 2504 Quod
272 2437 321 2492 tibi
332 2437 355 2492 si
364 2439 447 2494 sancti
457 2443 613 2497 concesserit
621 2442 705 2497 incola
714 2442 790 2506 Itoni,

187 2529 256 2585 quae
266 2520 384 2568 nostrum
396 2531 481 2586 genus
491 2532 521 2569 ac
530 2516 604 2571 sedes
614 2515 751 2572 defendere
760 2515 898 2572 Erechthei

135 2595 172 2640 030
185 2588 288 2654 annuit,
300 2594 331 2643 ut
339 2587 408 2643 tauri
418 2605 554 2664 respergas
563 2591 693 2664 sanguine
705 2590 837 2645 dextram:

186 2669 244 2719 tum
255 2679 317 2720 vero
326 2661 410 2730 facita,
421 2671 452 2722 ut
460 2666 571 2722 memcri
580 2665 629 2722 tibi
638 2664 742 2722 condita
751 2662 828 2719 corde
