2040 3030
193 145 243 246 2¹08
459 188 671 243 PROPERTII

194 297 282 352 Unum
291 293 354 350 litus
364 296 413 350 erit
421 297 522 369 sopitis,
535 313 641 368 unaque
653 302 718 352 tecto

229 371 315 435 arbor,
327 379 395 425 etex
405 389 458 426 una
467 388 543 442 saepe
552 371 675 425 bibemus
688 387 770 443 aqua;

192 452 217 500 et
226 444 315 500 tabula
324 461 378 500 una
388 444 455 500 duos
464 445 557 517 poterit
568 461 722 516 componere
730 451 857 510 amantes,

230 536 306 591 prora
316 519 403 574 cubile
412 519 489 584 mihi,
501 536 548 576 seu
558 519 624 574 mihi
635 519 732 591 puppis
741 519 799 573 erit.

138 604 163 648 tt
192 593 289 648 Omnia
297 594 440 666 perpetiar:
462 611 557 650 saevus
567 593 626 648 licet
636 599 728 666 urgeat
736 593 834 659 Eurus,

231 668 341 741 velaque
351 668 379 723 in
389 669 517 724 incertum
527 667 641 742 frigidus
650 667 745 728 Auster
755 675 823 741 agat.

191 742 350 816 Quicunque
358 750 384 797 et
392 743 463 798 venti
473 743 602 798 miserum
613 741 726 797 vexastis
738 740 841 808 Ulixen,

228 825 253 873 et
262 819 381 872 Danaum
390 817 507 872 Euboico
517 817 591 872 litore
600 816 674 870 mille
683 823 758 880 rates,

190 899 215 946 et
224 891 272 964 qui
283 891 404 947 movistis
413 891 467 946 duo
477 891 560 956 litora,
572 908 658 962 quum
671 891 746 945 rudis
755 888 844 964 Argus

137 975 163 1021 to
229 967 285 1021 dux
294 972 348 1021 erat
358 966 447 1038 ignoto
457 966 537 1020 missa
546 965 669 1020 columba
678 964 753 1020 mari.

191 1039 238 1096 llla
248 1040 314 1095 meis
325 1047 427 1095 tautum
437 1056 490 1094 non
500 1045 630 1112 umquam
640 1039 708 1094 desit
716 1038 813 1104 ocellis,

228 1114 349 1170 incendat
358 1131 452 1170 navem
462 1113 578 1186 Iuppiter
588 1114 644 1186 ipse
656 1113 724 1169 lieet.

191 1189 265 1245 Certe
273 1189 368 1244 iisdem
378 1189 444 1245 nudi
454 1189 550 1261 pariter
561 1189 716 1244 iactabimur
726 1189 792 1244 oris:

228 1281 271 1319 me
280 1263 339 1319 lieet
349 1263 420 1319 unda
430 1264 502 1330 ierat,
515 1271 538 1318 te
547 1263 626 1319 modo
635 1271 702 1318 terra
711 1270 790 1336 tegat.

136 1346 162 1392 tt
191 1337 243 1394 Sed
254 1356 305 1393 uon
316 1341 453 1412 Neptunus
465 1346 535 1395 tanto
544 1337 658 1394 crudelis
668 1337 759 1403 amori,

228 1414 366 1485 Neptunus
376 1412 448 1469 tratri
458 1431 507 1486 par
515 1413 544 1468 in
554 1429 642 1470 amore
651 1413 717 1468 lovi.

190 1487 274 1543 Testis
284 1493 441 1563 Amymone,
454 1489 541 1544 latices
552 1505 637 1560 quum
648 1486 725 1542 ferret
733 1485 762 1540 in
772 1483 860 1558 Argrs,

227 1579 384 1634 compressa,
396 1571 421 1616 et
430 1563 530 1618 Lernae
539 1561 617 1633 pulsa
627 1561 736 1616 tridente
746 1559 832 1630 palus.

190 1635 246 1691 lam
255 1636 321 1692 deus
330 1635 454 1708 amplexu
464 1643 556 1692 votum
565 1634 701 1708 persolvit:
723 1634 798 1689 atilli

137 1721 161 1763 tc
229 1729 307 1766 aurea
317 1712 421 1767 divinas
430 1729 498 1766 urna
507 1709 624 1783 pmfudit
634 1727 726 1782 aquas.

190 1784 329 1842 Crudelem
340 1794 364 1840 et
372 1788 480 1842 Boream
490 1792 564 1857 rapta
573 1784 693 1858 Orithyia
704 1781 824 1854 negabit:

228 1859 272 1914 hie
281 1859 347 1915 deus
357 1867 382 1914 et
391 1867 471 1913 terras
481 1865 506 1912 et
515 1859 597 1912 maria
608 1857 658 1910 alta
668 1856 765 1910 domat.

190 1933 273 1988 Crede
283 1933 359 1997 mihi,
371 1932 448 1985 nobis
457 1932 573 1984 mitescet
582 1927 679 2000 Scylla,
692 1943 740 1980 nec
749 1941 870 1995 unquam

228 2006 340 2060 alternas
349 2010 464 2058 revomet
472 2010 545 2056 vasta
555 1999 704 2072 Charybdis
716 2014 808 2070 aquus.

137 2093 161 2135 ⁵5
191 2082 304 2152 Ipsaque
312 2077 397 2131 sidera
407 2080 484 2129 erunt
494 2073 576 2128 nullis
586 2073 697 2128 obscura
707 2069 834 2126 tenebris:

227 2168 311 2224 purus
321 2158 346 2204 et
354 2149 445 2214 Orion,
456 2165 541 2220 purus
551 2155 576 2204 et
584 2147 689 2204 iloedus
698 2147 756 2202 erit.

190 2225 267 2294 Quod
277 2225 344 2280 mihi
354 2225 377 2280 si
386 2223 507 2297 ponende
515 2231 561 2280 tuo
570 2223 605 2279 sit
613 2239 719 2296 corpore
728 2221 791 2287 vita,

227 2300 314 2356 exitus
324 2300 369 2356 hic
377 2300 454 2358 nobis
464 2317 517 2356 non
527 2299 682 2357 inhonestus
693 2297 752 2354 erit.

191 2450 225 2508 tt
234 2467 281 2507 vos
291 2451 426 2517 incertam,
438 2449 569 2516 mortales,
580 2449 682 2505 funeris
694 2446 787 2502 horam

138 2537 163 2582 tc
230 2527 365 2601 quaeritis,
376 2534 463 2598 etqua
474 2526 509 2581 sit
517 2543 588 2582 mors
598 2524 700 2580 aditura
713 2522 770 2578 via:

192 2602 319 2676 quaeritis
328 2608 354 2657 et
362 2599 433 2657 coelo
442 2600 604 2656 Phoenicum
615 2599 720 2655 inventa
729 2610 829 2660 sereno,

230 2676 341 2752 quaesit
349 2675 423 2733 stella
433 2675 536 2732 homini
545 2673 691 2739 commoda,
702 2684 824 2745 quaeque
833 2666 912 2733 mala,
