2028 3034
216 163 248 214 ib
502 159 672 216 CATULLI

161 278 185 321 55
216 270 306 338 ltaque
315 273 344 319 nt
354 266 463 322 domum
474 266 595 340 Cybelles
604 267 711 339 tetigere
720 267 841 332 lassulae,

215 340 421 396 nimioelabore
430 357 555 397 somnum
565 342 673 413 capiunt
682 341 740 398 sine
750 342 851 398 Cerere.

215 416 291 488 Piger
301 415 344 468 his
353 413 457 470 labante
466 415 572 490 langore
585 414 675 471 oculos
683 432 762 488 sopor
770 419 864 488 operit²

215 490 279 544 Abit
288 489 317 544 in
327 489 415 561 quiete
423 490 497 544 malli
507 491 617 546 rabidus
626 489 700 546 furor
709 491 802 547 animi.

216 563 267 619 Sed
277 563 324 618 ubi
334 564 388 618 oris
398 565 470 620 aurei
481 564 525 620 Sol
535 565 700 620 radiantibus
714 564 798 624 oeulis

161 648 186 692 tt
218 638 339 694 lustravit
349 639 452 694 aethera
460 639 562 704 album,
575 638 630 694 sola
639 638 715 704 dura,
728 657 800 695 mare
810 638 908 706 ferum,

215 711 371 785 pepulitque
380 713 464 768 noetis
474 713 583 770 umbras
593 714 692 786 vegetis
703 713 886 786 sonipedibus,

216 788 255 844 ibi
265 803 376 842 somnus
384 787 501 842 excitum
511 786 582 860 Atyn
593 787 698 861 fugiens
707 789 776 844 eitam
789 789 867 844 abiit:

217 861 389 933 trepidantem
398 877 460 916 eum
470 864 566 934 reeepit
574 862 622 918 dea
632 863 753 918 Pasithea
762 863 834 918 sinu.

215 935 476 1007 ltadequietamolli
486 938 577 1009 rapida
587 938 645 992 siue
654 937 727 992 rabie

161 1019 187 1064 55
217 1009 297 1064 simul
309 1011 367 1082 ipsa
376 1017 478 1080 pectam
487 1010 553 1086 Atys
563 1030 612 1068 sua
620 1011 687 1066 facta
697 1011 814 1076 reuoluit,

216 1084 372 1156 liquidaque
382 1093 469 1140 mente
477 1086 553 1152 vidit,
566 1088 624 1142 siue
633 1088 719 1159 queis,
731 1086 833 1158 ubique
841 1085 916 1152 forat,

217 1160 306 1215 animo
315 1167 448 1215 aestuante
458 1179 567 1229 rursum
576 1160 811 1218 reditumadvada
820 1159 917 1217 tetulit.

216 1235 256 1288 Ibi
267 1234 350 1290 maria
360 1241 434 1290 vasta
443 1235 533 1292 visens
543 1236 743 1292 lacrimantibus
752 1234 844 1300 oeulis,

216 1309 328 1381 patriam
338 1308 457 1366 adlocuta
465 1319 564 1368 moesta
574 1319 613 1367 ast
623 1311 658 1367 ita
668 1327 731 1366 νοω
740 1310 883 1366 miseritur:

163 1385 188 1436 50
257 1384 463 1449 „Patriaomea
472 1387 593 1452 creatrix,
604 1385 781 1458 patriaomea
790 1385 919 1458 genetrix,

216 1476 265 1532 ego
275 1476 356 1531 quam
366 1459 447 1516 miser
458 1461 620 1534 relinquens,
632 1459 753 1515 dominos
763 1467 794 1516 ut
802 1458 938 1533 barifugae

216 1531 311 1588 famuli
321 1533 413 1601 solent,
425 1535 459 1590 ad
468 1536 528 1591 Idae
537 1535 612 1590 tetuli
623 1550 728 1588 nemora
737 1533 846 1604 pedem:

217 1615 247 1662 ut
255 1607 327 1680 apud
336 1609 426 1666 nivem
440 1617 465 1664 et
474 1609 588 1666 ferarum
598 1607 686 1682 gelida
696 1606 800 1662 stabula
810 1605 901 1674 forem,

217 1691 242 1738 et
251 1691 281 1737 ut
289 1683 380 1740 omnia
388 1702 480 1742 earum
490 1685 590 1741 adirem
600 1681 745 1740 furibunda
755 1681 877 1738 latibula:

163 1768 187 1810 55
217 1757 338 1823 ubinam,
350 1766 395 1815 aut
404 1759 505 1830 quibus
514 1759 577 1814 lona
586 1766 612 1814 te
621 1758 743 1830 positam,
754 1757 848 1828 patria,
860 1756 936 1811 rear?

217 1832 297 1904 Cupit
307 1833 365 1905 ipsa
373 1833 552 1904 pupuiaadte
562 1834 614 1888 sibi
624 1833 738 1904 dirigere
746 1831 838 1913 aciem,

217 1907 290 1962 rabie
299 1906 352 1962 fera
362 1906 618 1962 carensdumbreva
627 1913 731 1974 tempus
741 1919 847 1956 animus
857 1910 905 1956 ast.

215 1982 307 2054 Egone
318 1999 333 2035 a
342 1998 400 2034 mea
409 1987 508 2034 remota
516 1978 580 2032 haee
587 1976 656 2032 ierar
666 1977 694 2030 in
704 1991 811 2030 nemora
820 1975 916 2032 domo‘?

215 2056 309 2128 patria,
322 2053 408 2116 bonis,
420 2052 521 2116 amicis,
533 2050 697 2124 genitoribus
709 2048 804 2104 abem‘?

163 2141 188 2185 50
218 2131 296 2186 abero
306 2127 374 2191 foro,
381 2125 518 2197 palaestra,
529 2123 623 2190 stadio,
635 2132 661 2180 at
669 2123 837 2200 gymnasiis?

216 2205 309 2266 Miser,
322 2200 354 2254 ab
366 2199 459 2264 miser,
471 2199 638 2272 quarendum
648 2199 774 2256 astatium
785 2202 961 2273 atqueatiam,

708 2291 807 2332 amma.

217 2349 293 2418 Quod
302 2366 374 2404 eurm
384 2367 469 2424 genus
481 2349 581 2424 figurae
590 2359 641 2416 est,
656 2367 707 2424 ego
715 2366 768 2436 non
779 2349 852 2422 quod
864 2349 964 2406 habue

216 2500 274 2574 Ego
283 2499 617 2630 muilier,·e{1laadnlesoens‚
630 2517 680 2575 ego
689 2424 817 2585 uigiliae,
829 2515 878 2571 ego
887 2515 960 2570 puer,

216 2573 845 2724 nurutantumtanturn„.
