2028 3034
195 159 228 211 32

484 158 653 214 CATULLI

232 264 254 317 si
268 280 321 318 non
334 265 431 329 omnia,
447 263 584 336 displicere
596 266 691 322 vellem

232 338 279 390 tibi
293 345 318 391 et
330 338 445 394 Fuffecia
457 340 513 394 seni
527 348 635 396 reaoete.

232 480 343 540 lre‘soere
357 487 452 541 iterum
464 490 530 544 meis
544 489 640 544 iambis

232 560 439 638 immerentibus,
455 564 532 618 uniee
545 565 694 636 imperator.

382 688 435 732 Lv.
465 691 511 733 Ab
542 689 745 734 CAMERIUM.

269 769 399 844 Oramus,
414 781 437 834 si
450 780 515 836 forta
527 799 579 836 non
590 780 729 836 molestum
740 792 788 847 est,

231 852 400 920 demonstres,
415 854 462 910 ubi
476 856 529 911 sint
541 862 601 910 tuae
612 855 742 912 tenebrae.

232 927 267 980 Te
279 927 378 998 Campo
386 929 568 1000 quaesivimus
578 930 614 984 mi
619 947 689 996 nore,

231 1009 255 1053 te
267 1001 295 1054 in
309 1000 392 1066 Cimo,
407 1010 432 1057 te
444 1004 472 1058 in
485 1004 610 1060 omnibus
624 1003 730 1070 libellis,

232 1083 255 1128 te
268 1074 296 1128 in
308 1075 405 1146 templo
417 1078 505 1148 superi
519 1079 590 1134 levis
603 1089 710 1145 sacrato,

231 1150 258 1202 in
271 1149 313 1203 Ma
351 1150 360 1203 i
373 1151 453 1206 simul
466 1153 653 1210 ambulatione.

230 1222 318 1276 Femel
329 1241 358 1277 as
367 1241 468 1292 omnes,
483 1229 575 1295 amine,
590 1229 692 1301 prendi,

230 1314 298 1368 quas
310 1296 383 1353 voltu
394 1301 451 1356 vidi
464 1309 552 1359 tamen
565 1321 670 1360 sereno:

230 1371 278 1426 hes
291 1370 332 1426 vel
346 1379 371 1427 ta
383 1374 421 1429 sic
433 1377 490 1447 ipse
503 1377 665 1451 flagitabam:

231 1443 381 1501 Camerium
394 1451 470 1516 mibi,
485 1453 615 1523 pessimae
625 1450 737 1522 puellae.

231 1519 365 1585 Quaedam
378 1524 475 1597 inquit,
490 1525 594 1579 nudum
608 1525 699 1577 sinum
714 1521 853 1576 redimens:

229 1595 270 1648 En
282 1595 328 1649 hie
339 1596 367 1652 in
379 1601 460 1653 roseis
471 1597 530 1651 latet
542 1595 659 1668 papillis.

229 1668 280 1722 Sed
293 1678 316 1723 ta
329 1670 382 1725 iam
394 1671 459 1726 ferre
471 1667 591 1724 Herculei
604 1669 676 1724 labos
689 1676 740 1737 osu

230 1750 300 1798 tante
313 1752 337 1799 te
350 1745 378 1799 in
390 1743 459 1800 fastu
472 1761 562 1817 negas,
577 1745 670 1799 amiee.

230 1819 287 1874 Non
301 1826 387 1873 austes
400 1819 423 1872 si
437 1818 523 1890 fingar
535 1817 579 1872 ille
592 1818 708 1880 Cretum,

229 1908 282 1946 nnn
294 1892 318 1945 si
330 1894 443 1965 Pegaseo
454 1891 522 1945 ferar
533 1890 631 1953 volatu,

228 1983 281 2020 non
293 1965 378 2019 Ladas
391 1965 414 2018 si
427 1981 484 2037 ege,
498 1965 659 2035 pennipesve
672 1966 790 2027 Perseus,

228 2041 286 2094 Non
300 2038 380 2092 Rhesi
393 2040 484 2093 niveae
495 2039 613 2109 citaeque
626 2038 714 2110 bigae:

228 2112 294 2167 adde
305 2113 360 2166 huo
371 2111 537 2183 plumipedes
550 2110 730 2183 volatilesque,

227 2194 417 2258 ventorumque
429 2184 509 2240 simul
522 2186 627 2259 require
638 2203 756 2250 cursum.

227 2277 294 2331 quos
304 2260 418 2330 junctos,
433 2260 545 2326 (lameri,
560 2261 626 2316 mihi
640 2262 754 2316 dicares:

227 2333 344 2388 defessus
356 2343 441 2391 tamen
455 2336 580 2392 omnibus
593 2336 726 2402 medullis,
769 2387 770 2390 ,

227 2418 252 2463 et
264 2407 356 2464 multis
366 2409 539 2485 languoribus
551 2428 659 2483 peresus

226 2501 311 2538 essem
324 2491 357 2550 ta,
373 2485 410 2539 mi
424 2487 515 2551 amice,
530 2485 711 2558 quaeritando.

226 2559 273 2612 Dia
286 2559 371 2626 nobis,
386 2561 434 2615 ubi
447 2560 485 2615 sis
495 2560 615 2616 iuturus:
629 2561 677 2616 ede
689 2559 740 2615 hoo

227 2633 357 2701 audacter,
373 2637 513 2701 committe,
526 2635 601 2691 crede
613 2634 677 2692 luci.
