2030 3040
204 148 252 200 ⁴74
468 146 680 203 PROPERTll

201 270 278 382 saepe
288 253 564 384 ipepmfientilodirtpna
568 257 682 386 w
690 258 799 312 amenti.

148 415 158 454 5
201 402 248 456 Est
257 345 305 456 alli
313 345 369 458 lrdla
380 336 582 474 idlllallpeeildllat,
594 422 647 460 non
657 347 764 461 addire
774 406 865 478 dispar

238 475 443 533 Thiodamantee
451 479 591 549 pmximus
600 479 676 535 ardor
685 478 777 554 Hylae.

201 551 268 605 lluie
277 558 315 616 tu,
327 551 384 606 sive
394 551 464 625 leges
474 554 614 609 umbrosae
624 553 735 610 flumina
744 555 821 621 Silae,

152 645 154 650 ·
238 626 295 679 sive
304 626 406 682 Aniena
415 633 474 681 tuos
484 628 592 682 tinxerit
601 628 673 684 unda
682 629 772 701 pedes,

200 700 257 754 sive
267 699 395 773 Gigantea
403 701 548 771 spatiabere
558 702 640 757 litoris
650 721 703 768 ora,

146 783 171 826 ιο
239 773 294 827 sive
304 775 459 846 ubieunque
467 793 535 849 vago
545 775 664 832 fluminis
674 777 820 850 hospitio,-

201 847 387 921 Nympharum
397 865 500 919 semper
510 849 619 920 cupidas
632 850 741 907 defende
751 854 870 924 rapinas:

237 921 302 993 (non
313 922 400 975 minor
408 921 535 977 Ausoniis
545 931 584 977 est
596 941 670 979 amor
679 925 837 999 Adryasin)

200 1013 233 1050 ne
243 995 290 1048 tibi
300 995 342 1059 sit,
355 993 435 1048 dures
445 1004 547 1050 montes
557 1002 582 1050 et
590 995 686 1070 frigida
699 1014 772 1063 sexa,

237 1067 320 1133 Galle,
333 1075 548 1140 nequeexpertos
558 1085 661 1141 semper
671 1067 835 1136 adimimus,

145 1154 170 1195 15
200 1142 800 1217 quaemiserignatiserrorperpessusineris
841 1169 846 1180 ·

236 1217 365 1283 Herculis,
377 1217 505 1273 indomita
514 1215 620 1275 fleverat
628 1218 751 1274 Asaanie.

199 1293 321 1365 Namque
330 1291 418 1348 ferunt
426 1291 491 1348 olim
502 1293 616 1381 Pagasae
625 1292 766 1351 navalibus
776 1293 846 1368 Argo

238 1385 370 1441 egressam
382 1368 458 1442 longe
469 1369 596 1426 Phasides
606 1370 659 1426 isse
668 1370 753 1427 viam:

200 1449 224 1496 et
236 1443 289 1498 iam
298 1443 442 1516 praeteritis
453 1443 583 1500 lebentem
592 1444 792 1501 Athamantidos
802 1444 882 1500 undis

145 1526 171 1570 20
238 1518 375 1592 Mysorum
385 1515 500 1591 seopulis
510 1519 670 1591 adplicuisse
682 1527 774 1576 ratem.

200 1593 248 1646 Hie
257 1609 354 1648 manus
363 1594 482 1659 hereum,
495 1594 598 1665 placitis
608 1602 638 1650 ut
647 1593 762 1651 constitit
770 1595 831 1658 oris,

238 1667 327 1724 mollia
337 1665 563 1741 eompesita'litora
572 1668 665 1725 fronde
675 1669 747 1743 tegit.

200 1745 234 1796 At
243 1759 331 1797 eomes
340 1743 432 1799 invicti
442 1743 547 1798 iuvenis
556 1751 716 1817 pmeesserat
726 1741 803 1809 ultra,

238 1834 324 1871 raram
333 1819 439 1888 sepositi
449 1833 574 1890 quaerere
583 1816 663 1872 lentis
673 1834 780 1889 aquam.

145 1899 171 1942 25
202 1891 278 1943 llunn
287 1891 340 1944 duo
349 1891 437 1943 sectati
446 1889 547 1953 fratres,
559 1889 702 1960 Aquilonia
711 1889 806 1960 proles,

236 1963 309 2016 hune
317 1977 397 2032 super
405 1969 431 2015 et
439 1963 520 2024 Zetes,
532 1961 605 2014 hune
616 1977 697 2032 super
706 1969 731 2015 et
740 1961 834 2025 Calais,

199 2036 288 2090 oscula
299 2033 435 2104 suspensis
445 2033 578 2087 instabant
589 2049 694 2106 carpere
704 2033 814 2106 plumis,

238 2107 326 2164 oscula
335 2105 465 2161 etaltema
474 2105 542 2162 ferre
550 2107 647 2179 supina
656 2105 729 2183 iuga.

200 2182 245 2238 llle
254 2183 305 2237 sub
314 2187 430 2236 extrema
441 2181 559 2254 pendens
569 2181 714 2239 secluditur
723 2183 774 2250 ala,

145 2266 171 2308 ee
237 2264 262 2310 et
270 2255 389 2312 volueres
399 2275 472 2313 ramo
483 2259 623 2315 submovet
632 2259 753 2315 iusidias.

199 2332 255 2386 lam
264 2331 422 2387 Pandioniae
430 2335 508 2389 eessit
515 2352 600 2408 genus
610 2333 759 2411 Orithyiae:

236 2407 270 2463 ah
279 2405 352 2463 dolor
362 2407 417 2463 ibat
426 2409 516 2484 Hylas,
528 2410 583 2466 ibat
590 2409 793 2486 Hamadryasin.

199 2482 248 2538 llic
256 2490 309 2539 erat
317 2482 446 2556 Arganthi
457 2486 538 2558 Pagae
548 2485 599 2540 sub
610 2487 705 2540 vertice
714 2485 811 2542 montis

236 2567 309 2633 grata
319 2557 415 2615 domus
424 2560 557 2633 Nymphis
567 2560 677 2616 humida
687 2559 848 2635 'l'hyniasin;

146 2642 171 2685 ³5
201 2631 807 2707 quamsupranullaependebantdebitaeurae
