2030 3040
290 189 360 243 LlB.
383 189 420 244 11.
450 189 565 245 ELEG.
586 193 607 245 1.
775 196 822 248 ⁴79

113 305 139 351 et
149 304 229 350 tarum
237 312 271 350 ex
281 295 377 351 lielena
388 315 440 352 non
453 299 547 369 probat
555 297 645 353 Iliada.

14 415 16 420 .
74 371 128 426 Seu
139 369 207 424 mihi
217 370 271 424 siut
279 371 409 443 tangenda
419 389 545 427 novercae
553 373 647 444 pocula
657 375 797 441 Phaedrae,

112 443 208 516 pocula
216 444 342 517 privigno
351 461 404 500 uon
414 446 533 501 nocitura
542 463 604 501 suo:

75 537 124 575 eeu
134 518 203 573 mihi
213 517 318 574 Circaeo
326 519 492 590 pereundum
521 521 632 586 tamine,
647 523 704 578 sive

114 593 219 649 Colchis
229 591 345 648 Iolciacis
357 600 417 648 urat
426 611 491 649 aena
500 539 578 651 hats:

75 685 132 724 una
141 684 213 722 meos
221 667 349 738 quoniam
357 667 478 738 praedata
490 677 529 724 est
537 667 635 725 lamina
644 687 748 737 sensus,

114 759 148 797 ex
157 741 207 798 hac
216 740 346 797 ducentur
355 741 446 799 lunera
456 751 544 800 nostra
553 744 640 800 domo.

77 817 177 871 Omnes
186 815 318 872 humanos
327 826 402 873 sanat
412 817 542 874 medicina
551 817 666 874 dolores:

116 889 189 946 solus
198 907 272 946 amor
281 892 366 947 morbi
376 909 430 948 non
439 901 510 948 amat
518 893 655 949 artificem.

77 964 161 1020 Tarda
171 965 325 1022 Philoctetae
337 967 440 1023 sanavit
449 984 526 1022 crura
534 969 670 1035 Machaon,

116 1039 251 1095 Phoenicis
264 1040 363 1097 Chiron
376 1041 478 1097 lumina
488 1042 661 1116 Phillyrides:

78 1121 102 1168 et
112 1113 177 1168 deus
186 1115 344 1169 exstinctum
355 1115 455 1170 Cressis
464 1117 627 1186 Epidaurius
635 1118 725 1174 herbis

115 1189 227 1243 restituit
235 1190 328 1260 patriis
337 1189 510 1262 Androgeona
519 1189 596 1245 focis:

1 1297 2 1304 κ
79 1263 171 1336 Mysus
180 1271 206 1316 et
215 1263 358 1317 Haemonia
366 1264 470 1317 iuvenis
480 1280 534 1335 qua
543 1264 653 1335 cuspide
661 1264 760 1320 vulnus

116 1343 239 1400 senserat,
251 1336 301 1390 hao
313 1336 372 1406 ipsa
380 1335 490 1406 cuspide
498 1337 581 1390 sensit
588 1353 676 1408 opem.

79 1411 134 1465 lloo
145 1410 241 1482 siquis
250 1410 346 1466 vitium
355 1411 449 1482 poterit
459 1409 527 1464 mihi
536 1409 648 1477 demere,
661 1410 734 1466 solus

1 1553 2 1558 ἵ
115 1482 252 1540 Tantaleae
261 1484 354 1556 poterit
363 1484 463 1541 tradere
471 1501 550 1558 poma
559 1501 655 1542 manu:

78 1558 148 1614 dolia
157 1558 283 1633 virgineis
293 1559 364 1615 idem
374 1559 419 1614 ille
427 1559 565 1632 repleverit
577 1560 661 1624 urnis,

117 1651 150 1688 na
159 1641 245 1688 tenera
254 1633 361 1688 assidua
370 1633 436 1688 oolla
446 1642 589 1706 graventur
598 1651 680 1704 aqua:

80 1707 150 1762 idem
159 1706 283 1761 Caucasia
295 1706 378 1762 solvet
387 1706 420 1762 de
430 1724 495 1778 rupe
504 1707 649 1762 Promethei

117 1779 234 1843 brachia,
244 1788 293 1835 eta
306 1780 503 1852 mediopectore
511 1780 590 1852 pellet
599 1797 685 1836 avem.

80 1856 138 1910 Non
147 1853 192 1908 hic
201 1853 281 1910 verba
292 1853 372 1924 valet;
394 1873 447 1911 non
460 1855 504 1910 hic
513 1863 640 1912 nocturna
649 1855 766 1930 Cytaeis3

116 1945 170 1984 non
180 1929 328 1985 Perimedea
337 1931 458 2004 gramina
467 1938 534 1986 secta
544 1947 636 1987 manu.

79 2004 182 2076 Quippe
191 2005 239 2060 uhi
249 2021 297 2061 nec
304 2022 396 2062 causas
407 2023 455 2063 neo
464 2014 565 2078 apertos
574 2006 707 2061 cernimus
718 2016 795 2069 rous,

0 2127 1 2136 ,
112 2078 729 2147 ,undetamenvenianttotmala,·caecaviaest.

80 2154 138 2207 Non
148 2161 207 2225 eget
214 2154 259 2208 bio
268 2155 386 2221 medicis,
398 2173 451 2211 non
464 2155 536 2210 lectis
546 2155 672 2210 mollibus
682 2171 770 2227 aeger:

2 2253 3 2256 ¹
117 2227 180 2281 huic
189 2226 295 2282 nullum
305 2229 369 2284 coeli
379 2237 591 2301 tempusataura
601 2235 684 2283 nocet.

81 2299 214 2366 Ambulat,
226 2308 251 2356 et
260 2302 349 2357 subito
358 2304 488 2356 mirantur
497 2301 579 2358 funus
589 2303 676 2356 amici.

117 2375 160 2430 Sic
168 2383 207 2429 est
216 2376 363 2443 incautum,
375 2376 509 2449 quidquid
517 2377 628 2432 hahetur
638 2391 719 2430 amor.
854 2387 880 2430 tu

80 2449 297 2523 Quandocunque
306 2453 388 2526 igitur
396 2453 478 2507 vitam
488 2467 546 2506 mea
555 2450 606 2506 lata
619 2458 760 2522 reposcent,

117 2532 142 2579 et
150 2525 232 2580 breve
241 2526 269 2580 in
278 2527 376 2601 exiguo
384 2543 515 2581 marmore
524 2543 621 2581 nomen
630 2541 683 2589 ero,

83 2599 222 2665 Maecenas,
235 2609 337 2656 nostrae
347 2618 407 2673 spes
416 2600 547 2656 invidiosa
558 2601 688 2663 iuventae,

117 2682 142 2728 er
151 2675 219 2730 vitae
228 2682 252 2730 ct
261 2678 337 2731 morti
348 2676 430 2752 gloria
441 2676 509 2732 iusta
522 2693 603 2742 meac,
660 2751 685 2806 Μ
699 2756 715 2809 2
