2030 3040
258 134 331 188 rra.
352 135 373 188 1.
403 107 519 188 arra.
539 135 620 190 vin.
763 138 806 190 rer

61 243 104 297 Tu
113 257 177 296 cave
187 247 275 296 nostra
285 248 332 296 tue
340 249 490 297 contemnas
500 243 616 298 earmina
625 241 704 298 fastu.
840 253 866 296 25

100 315 183 387 Saepe
192 315 264 371 venit
273 332 370 390 magno
379 314 483 371 foenore
494 317 584 372 tardus
594 316 685 372 Amor.

306 443 326 486 E
336 443 355 484 L
365 443 385 485 E
396 442 417 486 G
426 442 466 486 1A
493 443 571 487 v111.

64 526 150 589 Tune
158 534 240 607 igitur
249 534 367 600 demens,
381 551 430 588 nee
438 541 463 588 ta
471 551 530 590 mea
539 552 602 590 cura
611 535 745 591 moratur?

100 627 135 662 an
147 607 196 662 tihi
206 626 267 664 eum
276 608 364 682 gelida
373 608 452 664 vilior
460 608 569 683 Illyria?

64 690 89 736 et
97 682 146 736 tibi
157 683 210 737 iam
219 683 293 748 tanti,
305 683 460 756 quicunque
468 691 516 749 eat,
528 683 577 738 iste
586 684 700 751 videtur,
750 697 752 701 ⁴

101 765 132 812 ut
140 757 199 812 sine
207 774 250 812 me
260 766 337 812 venta
345 757 464 831 quolibet
473 759 511 812 ire
523 757 607 813 velis?

64 831 140 886 Tune
149 831 240 886 audire
248 840 322 904 petes
334 833 423 888 vesani
432 850 570 888 murmura
579 835 653 905 ponti
857 847 868 888 5

101 904 185 971 fortis,
197 907 259 962 etin
269 907 336 962 dura
346 924 414 962 nave
423 907 506 962 iaeera
514 907 606 980 potes?

65 988 94 1035 tu
103 979 217 1052 pedibus
226 983 321 1036 teneris
330 982 429 1054 positas
437 981 530 1036 fulcire
538 982 669 1054 pruinas?

102 1062 132 1109 tu
140 1061 213 1126 petae
223 1055 350 1122 insolitas,
363 1056 486 1130 Cynthia,
497 1055 564 1112 ferre
573 1057 667 1113 nives?

65 1127 88 1183 Ο
97 1129 199 1183 utinam
209 1129 335 1185 hibernae
346 1129 514 1201 duplicentur
522 1137 639 1204 tempora
647 1132 766 1197 brumae,

102 1210 128 1256 et
136 1203 171 1256 sit
180 1203 250 1258 iners
260 1203 342 1258 tardis
351 1204 440 1259 navita
449 1205 586 1278 Vergiliisl

66 1294 114 1332 nec
122 1277 171 1332 tibi
182 1277 317 1350 Tyrrhena
327 1276 445 1333 solvatur
453 1276 526 1332 funis
535 1296 622 1343 arena,

104 1368 172 1406 neve
180 1351 289 1405 inimica
298 1367 370 1406 meas
379 1350 461 1405 elevet
471 1368 534 1406 aura
543 1368 646 1422 praees:

65 1433 145 1499 atque
153 1441 202 1499 ago
211 1442 265 1481 non
274 1424 379 1480 videam
387 1424 452 1480 tales
461 1425 599 1480 subsidere
608 1433 708 1493 ventos,

103 1517 190 1574 quum
199 1499 248 1554 tibi
257 1506 392 1572 provectas
401 1497 500 1554 auferet
511 1500 583 1555 unda
592 1507 669 1569 rates,

65 1583 91 1629 et
100 1591 144 1630 me
151 1573 271 1630 defixum
281 1591 364 1629 vaeua
372 1573 487 1646 patiatur
496 1574 525 1628 in
533 1590 580 1630 ora

104 1647 237 1702 erardeiam
249 1648 342 1703 infesta
350 1664 427 1720 saepe
436 1665 528 1704 voaare
537 1666 630 1704 manu.

66 1722 119 1778 Sed
129 1721 478 1794 quoeunquemododame,
488 1723 603 1795 periura,
618 1723 735 1788 meraris,

104 1795 139 1848 sit
148 1793 254 1850 Galatea
263 1803 323 1851 tuae
333 1813 385 1852 nen
396 1795 482 1852 aliena
491 1797 562 1852 viae:

65 1876 130 1924 utta
139 1867 208 1923 ielioi
216 1878 352 1941 praevecta
362 1871 491 1928 Ceraunia
501 1889 573 1927 remo

104 1943 213 2015 accipiat
220 1944 332 2016 placidis
340 1945 431 2002 Oriaos
439 1947 609 2020 aequoribus.

66 2019 134 2074 Nam
144 2036 187 2074 me
199 2037 252 2075 non
261 2019 332 2076 ullae
340 2029 463 2093 poterunt
472 2038 638 2095 eorrumpere
647 2022 745 2088 taedae,

103 2094 171 2166 quin
180 2111 237 2168 ago,
248 2097 312 2161 vita,
326 2103 371 2152 tuo
380 2095 473 2153 limine
481 2115 543 2152 vera
552 2114 658 2170 querar.

65 2168 120 2223 Nec
128 2185 172 2222 me
180 2168 282 2224 deficiet
291 2178 385 2226 nautas
393 2172 505 2245 rogitare
514 2172 617 2227 citatos:

103 2241 189 2308 dieite,
201 2260 256 2315 quo
266 2250 344 2314 portu
354 2243 443 2300 elauea
452 2245 541 2316 puella
550 2262 608 2301 mea
617 2244 673 2300 eei?

65 2326 91 2372 et
100 2315 195 2382 dicam,
207 2315 267 2372 lieet
275 2317 386 2374 Atraciis
395 2318 513 2374 aeneidat
521 2321 550 2374 in
559 2319 622 2384 orie,

103 2399 128 2445 et
138 2391 197 2446 lieet
205 2391 286 2457 Eleis,
298 2391 344 2448 illa
353 2391 442 2448 futura
451 2410 509 2448 mea
518 2401 567 2449 ast.

66 2467 114 2522 Hic
122 2468 185 2521 erit:
206 2465 251 2521 hio
261 2466 345 2522 iurata
354 2473 452 2525 manat.
490 2468 658 2540 Rumpantur
667 2467 764 2541 iniqui.

103 2541 236 2597 Vicimus]
258 2540 378 2598 assidua
388 2559 441 2598 non
450 2541 512 2598 tulit
520 2541 566 2598 illa
574 2560 674 2614 praees.

65 2613 142 2744 Falea
152 2615 211 2672 lieet
219 2617 334 2690 cupidus
343 2616 455 2690 deponat
463 2617 561 2692 gaudia
571 2617 638 2674 livor
649 2694 669 2747 L

126 2708 211 2746 aman.
