2028 3034
239 153 448 211 CARMINUM
468 155 592 208 LIBER.
755 159 786 212 ta

51 258 107 334 [Nee
115 263 229 332 mirum5
241 270 291 317 tata
301 263 408 332 penitus
418 279 486 334 quae
496 270 582 316 mente
591 262 729 339 laborent]

50 335 96 390 Nes
106 336 155 392 alio
163 344 274 402 mentes,
286 335 338 391 alio
348 335 490 390 divisimus
499 353 589 392 aures:
816 351 841 393 15

50 409 354 485 iureigiturvineemur:
376 411 676 466 amatvicteriaeuram.

51 482 126 548 Quare
136 503 208 541 nune
218 485 321 540 animas
330 482 423 540 saltem
433 486 587 541 summittite
596 493 709 543 vestras:

51 557 125 614 dieere
135 560 188 615 iam
199 560 334 631 incipient,
347 559 400 614 iam
411 558 567 630 respondem
576 559 686 615 decebit.

50 631 143 705 Hymen
152 651 169 689 ο
178 635 339 708 Hymenaee,
350 634 454 706 Hymen
464 633 526 690 ades
535 651 552 689 ο
561 635 719 708 Hymenaee.

340 739 490 784 Pueansn

80 813 196 885 Hespere,
209 815 258 887 qui
267 813 338 868 ooelo
347 811 430 867 fertur
439 813 568 871 crudelior
578 811 668 890 ignis?
816 828 841 870 2⁰

50 888 91 956 qui
100 895 186 944 natam
195 889 284 960 pessis
292 888 432 959 eomplexu
446 889 557 945 avellere
565 891 666 954 matris,

50 961 178 1032 complexu
187 963 281 1018 matris
291 964 445 1018 retinentem
456 963 566 1020 avellere
576 972 672 1029 natam,

50 1041 72 1087 et
80 1035 164 1091 iuveni
175 1037 278 1093 ardenti
288 1045 386 1092 castam
396 1037 493 1093 donare
501 1038 636 1110 puellam?

50 1107 215 1172 arietariam
224 1112 312 1166 hostes
326 1119 399 1182 capta
410 1112 543 1168 crudelius
553 1113 637 1168 urbe‘i

51 1181 167 1255 Hymene
177 1188 335 1260 Hymenaee,
348 1187 451 1258 Hymen
462 1187 547 1244 adeso
557 1189 714 1261 Hymenaee.
815 1199 841 1242 25

345 1291 485 1335 inrasae

81 1365 197 1437 Hespero,
209 1367 260 1439 qui
269 1365 339 1422 eaelo
349 1366 419 1420 lueet
427 1364 568 1420 iucundior
578 1365 667 1438 ignis?

51 1438 92 1507 qui
101 1438 228 1511 desponsa
238 1453 283 1495 tua
294 1441 383 1495 firmes
393 1439 525 1495 eonnubia
535 1437 654 1494 flamma:

50 1512 114 1580 qued
122 1515 244 1589 pepigere
253 1515 313 1581 viri,
325 1515 483 1587 pepigerunt
492 1520 551 1568 ante
561 1522 688 1585 parentes,

51 1601 92 1640 nee
101 1587 206 1645 iunxere
214 1589 300 1662 prius,
311 1607 393 1662 quam
404 1605 431 1642 se
441 1596 503 1643 tuus
513 1588 607 1642 extulit
616 1588 701 1644 ardor.

50 1657 112 1724 Quid
121 1663 196 1720 datur
205 1681 221 1720 a
230 1664 301 1719 divis
311 1662 380 1718 felici
394 1663 507 1734 optatius
521 1661 604 1717 hora?
814 1673 840 1716 30

50 1733 143 1808 Hymen
152 1756 167 1794 ο
176 1739 336 1814 Hymenaee,
348 1740 452 1811 Hymen
462 1737 523 1792 ades
532 1753 549 1792 e
558 1738 717 1810 Hymenaee.

326 1843 476 1886 Punnnrn

81 1915 206 1988 Hesperus
215 1937 231 1974 e
239 1918 326 1984 nobis,
337 1916 468 1988 aequales,
481 1917 589 1972 abstulit
599 1933 690 1973 unam.

49 1987 140 2061 Nempe
149 1990 559 2064 meadventuvigilateustedia.
597 1991 706 2064 Semper

49 2064 200 2122 nosteletent
209 2067 290 2131 fures,
305 2083 373 2138 quos
383 2066 453 2120 idem
462 2083 539 2138 saepe
547 2075 687 2130 revertens,

49 2134 159 2209 Hespero,
171 2148 272 2197 mutato
281 2140 447 2213 eomprendis
456 2141 563 2196 nomine
572 2139 687 2196 eosdem.
814 2148 839 2191 35

81 2317 111 2372 Ut
120 2317 191 2376 lubet
200 2321 320 2393 innuptis
330 2245 538 2390 Hedddeudaipere
546 2319 661 2391 questu?

49 2386 111 2452 Quid
120 2400 185 2460 tum,
198 2395 221 2450 si
232 2403 352 2466 carpunt,
364 2395 440 2449 tacita
450 2410 531 2467 quem
540 2401 627 2449 mente
636 2393 793 2466 requirunt?

48 2460 142 2536 Hymen
151 2486 167 2523 ο
176 2471 334 2544 Hymenaee,
345 2470 449 2543 Hymen
459 2467 545 2522 adeso
555 2468 713 2542 Hymenaee.

81 2636 164 2696 Utiles
175 2643 202 2698 in
213 2643 294 2716 septis
302 2577 420 2699 eedddt'ud
425 2583 544 2698 ididem·
553 2640 644 2706 hortis,
