2040 3030
289 163 361 217 LIB.
382 163 438 217 ΙΙΙ.
467 160 582 217 ELEG.
603 162 656 216 IX.
797 165 849 219 ἰῶ

96 286 190 326 annua
199 270 335 326 solvamus
345 270 461 326 thalamo
469 269 607 333 sollemnia
616 277 712 333 nostro.

137 343 286 418 natalisque
296 346 334 400 tui
345 345 385 400 sie
393 361 551 420 peragamus
561 344 619 400 iter.

368 471 532 516 ELEGIA
559 471 609 514 lx.

98 555 180 632 Quid
189 565 295 629 mirare,
308 579 392 618 meam
404 563 428 617 si
439 569 526 619 versat
534 561 633 617 femina
643 563 734 628 vitam,

136 645 162 694 et
172 639 252 693 trahit
261 637 395 693 addietum
405 637 457 692 sub
467 655 516 692 sua
525 637 583 690 iura
592 637 700 704 virum?

96 713 265 785 criminaque
275 713 366 788 ignavi
375 713 467 785 eapitis
477 712 545 767 mihi
555 711 643 783 turpia
652 712 741 787 tingis,

136 787 210 860 quod
218 804 349 860 nequeam
358 785 438 842 fracte
447 803 570 858 rumpere
580 785 667 842 vinela
677 788 761 862 ingo?

8 863 9 866 ’
97 863 243 918 Venturam
252 861 349 918 melius
358 862 490 937 praesagit
498 862 587 917 navita
597 869 713 918 noctem:
890 874 902 915 5

137 935 295 992 vulneribus
305 936 398 993 didicit
408 937 484 992 miles
494 937 591 992 habere
600 943 711 993 metum.

8 987 9 996 ἒ
97 1013 150 1068 Ista
160 1029 209 1086 ego
217 1012 354 1084 praeterita
363 1012 457 1068 iactavi
467 1012 548 1068 verba
560 1012 680 1068 iuventa:

136 1093 166 1142 tu
175 1104 248 1142 nune
256 1087 377 1158 exemplo
385 1087 556 1143 diseetimere
564 1103 633 1142 meo.

97 1161 203 1218 Colchis
212 1161 354 1234 flagrantes
364 1161 532 1216 adamantina
541 1161 593 1216 suh
603 1161 666 1235 iuga
675 1169 764 1219 tauros

97 1235 685 1382 anniuersarium
874 1249 900 1291 ¹⁰

135 1386 185 1440 iret
193 1391 223 1439 ut
232 1382 358 1440 Aesonias
367 1400 447 1438 aurea
456 1382 516 1438 iana
525 1383 627 1438 domos.

97 1458 170 1516 Ausa
179 1458 253 1514 ferox
262 1457 296 1514 ab
305 1475 375 1531 equo
383 1465 472 1514 eontra
480 1475 634 1534 oppugnare
643 1460 744 1534 sagittis

133 1535 241 1591 Maeotis
250 1535 370 1589 Danaum
381 1533 543 1589 Penthesilea
553 1543 634 1590 rates:

97 1627 175 1664 aurea
185 1610 228 1664 cui
238 1616 380 1682 postquam
389 1609 502 1665 nudavit
510 1608 613 1664 casside
622 1607 744 1675 nonem,
872 1621 897 1664 15

135 1684 198 1737 vicit
207 1683 331 1738 visorem
341 1683 453 1739 eandida
461 1682 545 1739 forma
554 1683 654 1739 virum.

97 1757 226 1829 Omphale
236 1763 261 1812 et
270 1758 298 1812 in
308 1765 412 1813 tantum
421 1757 520 1814 formae
527 1758 655 1829 prooessit
663 1757 799 1824 honorem,

133 1832 218 1906 Lydia
229 1831 337 1906 Gygaeo
344 1833 425 1888 tineta
434 1832 521 1906 puella
533 1832 601 1898 lanu,

99 1915 136 1973 ut,
148 1907 196 1979 qui
206 1916 296 1978 pacato
304 1907 437 1963 statuisset
446 1908 475 1963 in
484 1908 547 1964 orbe
555 1907 701 1973 columnas,

132 1988 186 2038 tam
196 1981 263 2038 dura
276 1981 389 2038 traheret
397 1983 487 2040 mollia
496 2001 579 2056 pensa
588 2001 680 2038 uranu.
751 1979 794 2012 ·'
870 1992 896 2036 2⁰

96 2055 234 2112 Persarum
243 2058 334 2113 statuit
342 2058 476 2132 Babylona
485 2058 639 2114 Semiramis
650 2057 755 2123 urbem,

133 2138 163 2185 ut
172 2130 288 2186 solidum
297 2141 369 2188 eunte
382 2133 480 2188 tolleret
489 2150 584 2206 aggere
592 2149 670 2206 opus,

96 2211 121 2260 et
131 2204 184 2260 duo
192 2205 222 2260 in
230 2204 371 2260 adversum
382 2207 457 2262 missi
466 2224 514 2277 per
523 2207 627 2262 moenia
635 2223 731 2262 eurrus

132 2295 166 2332 ne
174 2285 281 2350 possent
290 2285 357 2334 tacto
366 2280 596 2352 stringereabaxe
606 2279 689 2335 latus:

96 2351 172 2408 duxit
186 2360 211 2407 et
219 2353 373 2424 Euphraten
382 2353 511 2420 medium,
523 2372 577 2426 qua
586 2355 793 2420 eondiditarees‚
870 2367 895 2409 25

131 2427 208 2481 iussit
217 2434 242 2482 et
251 2427 362 2499 imperio
372 2427 485 2484 subdere
494 2430 584 2485 Baetra
594 2437 682 2501 eaput.

96 2501 162 2557 Nam
172 2501 239 2574 quid
251 2519 300 2578 ego
309 2501 410 2570 heroas,
421 2503 489 2576 quid
498 2513 597 2577 raptem
609 2505 637 2560 in
647 2503 758 2559 erimina
766 2503 860 2560 divos?

131 2577 247 2648 iuppiter
255 2576 366 2633 infamat
374 2595 456 2652 seque
465 2596 595 2653 suamque
604 2579 724 2636 demum.

96 2649 185 2718 Quid?
203 2651 282 2710 modo
291 2669 360 2727 quae
370 2654 467 2711 nostris
476 2654 616 2730 opprobria
625 2661 732 2714 vexerat
741 2654 830 2722 armis,
