<?xml version="1.0" encoding="UTF-8"?>
<!DOCTYPE html PUBLIC "-//W3C//DTD XHTML 1.0 Transitional//EN"
    "http://www.w3.org/TR/xhtml1/DTD/xhtml1-transitional.dtd">
<html xmlns="http://www.w3.org/1999/xhtml" xml:lang="en" lang="en">
 <head>
  <title>
</title>
<meta http-equiv="Content-Type" content="text/html;charset=utf-8" />
  <meta name='ocr-system' content='tesseract 3.04.00' />
  <meta name='ocr-capabilities' content='ocr_page ocr_carea ocr_par ocr_line ocrx_word'/>
</head>
<body>
  <div class='ocr_page' id='page_1' title='image "./catullitibullie00propgoog_0029.png"; bbox 0 0 2030 3036; ppageno 0'>
   <div class='ocr_carea' id='block_1_1' title="bbox 203 149 657 203">
    <p class='ocr_par' dir='ltr' id='par_1_1' title="bbox 203 149 657 203">
     <span class='ocr_line' id='line_1_1' title="bbox 203 149 657 203; baseline 0.004 -2"><span class='ocrx_word' id='word_1_1' title='bbox 203 152 234 202; x_wconf 81' lang='lat' dir='ltr'>tl</span> <span class='ocrx_word' id='word_1_2' title='bbox 487 149 657 203; x_wconf 83' lang='lat' dir='ltr'>CATULLl</span> 
     </span>
    </p>
   </div>
   <div class='ocr_carea' id='block_1_2' title="bbox 312 285 839 330">
    <p class='ocr_par' dir='ltr' id='par_1_2' title="bbox 312 285 839 330">
     <span class='ocr_line' id='line_1_2' title="bbox 312 285 839 330; baseline 0.004 -2"><span class='ocrx_word' id='word_1_3' title='bbox 312 285 420 328; x_wconf 84' lang='lat' dir='ltr'>xvlu.</span> <span class='ocrx_word' id='word_1_4' title='bbox 446 285 491 329; x_wconf 85' lang='grc' dir='ltr'>ΔΙ]</span> <span class='ocrx_word' id='word_1_5' title='bbox 509 285 711 329; x_wconf 71' lang='lat' dir='ltr'>HORTGRUM</span> <span class='ocrx_word' id='word_1_6' title='bbox 728 287 839 330; x_wconf 83' lang='lat' dir='ltr'><strong>DEUM.</strong></span> 
     </span>
    </p>
   </div>
   <div class='ocr_carea' id='block_1_3' title="bbox 199 352 940 652">
    <p class='ocr_par' dir='ltr' id='par_1_3' title="bbox 199 352 940 652">
     <span class='ocr_line' id='line_1_3' title="bbox 238 352 902 433; baseline 0.002 -19"><span class='ocrx_word' id='word_1_7' title='bbox 238 352 324 414; x_wconf 88' lang='lat' dir='ltr'>Hunc</span> <span class='ocrx_word' id='word_1_8' title='bbox 337 358 427 412; x_wconf 88' lang='lat' dir='ltr'>lucnrn</span> <span class='ocrx_word' id='word_1_9' title='bbox 442 359 488 413; x_wconf 90' lang='lat' dir='ltr'>tibi</span> <span class='ocrx_word' id='word_1_10' title='bbox 501 359 593 414; x_wconf 74' lang='lat' dir='ltr'>dedico</span> <span class='ocrx_word' id='word_1_11' title='bbox 605 377 787 433; x_wconf 85' lang='lat' dir='ltr'>consecrnque,</span> <span class='ocrx_word' id='word_1_12' title='bbox 802 361 902 432; x_wconf 73' lang='lat' dir='ltr'>Priape,</span> 
     </span>
     <span class='ocr_line' id='line_1_4' title="bbox 200 433 940 508; baseline 0.004 -20"><span class='ocrx_word' id='word_1_13' title='bbox 200 451 254 507; x_wconf 89' lang='lat' dir='ltr'>qna</span> <span class='ocrx_word' id='word_1_14' title='bbox 266 433 361 487; x_wconf 90' lang='lat' dir='ltr'>domus</span> <span class='ocrx_word' id='word_1_15' title='bbox 372 440 415 487; x_wconf 91' lang='lat' dir='ltr'>tua</span> <span class='ocrx_word' id='word_1_16' title='bbox 425 434 563 505; x_wconf 78' lang='lat' dir='ltr'><strong>Lampsaci</strong></span> <span class='ocrx_word' id='word_1_17' title='bbox 573 442 621 498; x_wconf 90' lang='lat' dir='ltr'>est,</span> <span class='ocrx_word' id='word_1_18' title='bbox 633 452 740 507; x_wconf 86' lang='lat' dir='ltr'>quaque</span> <span class='ocrx_word' id='word_1_19' title='bbox 750 433 826 500; x_wconf 87' lang='lat' dir='ltr'>silva,</span> <span class='ocrx_word' id='word_1_20' title='bbox 839 437 940 508; x_wconf 86' lang='lat' dir='ltr'>Priape:</span> 
     </span>
     <span class='ocr_line' id='line_1_5' title="bbox 200 508 814 578; baseline 0.003 -16"><span class='ocrx_word' id='word_1_21' title='bbox 200 525 262 562; x_wconf 91' lang='lat' dir='ltr'>narn</span> <span class='ocrx_word' id='word_1_22' title='bbox 275 515 299 560; x_wconf 89' lang='lat' dir='ltr'>te</span> <span class='ocrx_word' id='word_1_23' title='bbox 311 508 449 578; x_wconf 89' lang='lat' dir='ltr'>praecipuo</span> <span class='ocrx_word' id='word_1_24' title='bbox 461 508 489 563; x_wconf 92' lang='lat' dir='ltr'>in</span> <span class='ocrx_word' id='word_1_25' title='bbox 502 509 559 563; x_wconf 92' lang='lat' dir='ltr'>suis</span> <span class='ocrx_word' id='word_1_26' title='bbox 571 509 684 564; x_wconf 77' lang='lat' dir='ltr'><strong>urbibus</strong></span> <span class='ocrx_word' id='word_1_27' title='bbox 697 509 758 564; x_wconf 84' lang='lat' dir='ltr'>colit</span> <span class='ocrx_word' id='word_1_28' title='bbox 769 526 814 564; x_wconf 87' lang='lat' dir='ltr'>ora</span> 
     </span>
     <span class='ocr_line' id='line_1_6' title="bbox 199 581 714 652; baseline 0.004 -16"><span class='ocrx_word' id='word_1_29' title='bbox 199 581 383 652; x_wconf 87' lang='lat' dir='ltr'>Hellespontia,</span> <span class='ocrx_word' id='word_1_30' title='bbox 398 582 489 636; x_wconf 84' lang='lat' dir='ltr'>ceteris</span> <span class='ocrx_word' id='word_1_31' title='bbox 502 584 640 638; x_wconf 86' lang='lat' dir='ltr'>ostreosior</span> <span class='ocrx_word' id='word_1_32' title='bbox 652 585 714 638; x_wconf 88' lang='lat' dir='ltr'>oris.</span> 
     </span>
    </p>
   </div>
   <div class='ocr_carea' id='block_1_4' title="bbox 359 707 787 754">
    <p class='ocr_par' dir='ltr' id='par_1_4' title="bbox 359 707 787 754">
     <span class='ocr_line' id='line_1_7' title="bbox 359 707 787 754; baseline 0.007 -3"><span class='ocrx_word' id='word_1_33' title='bbox 359 707 438 752; x_wconf 81' lang='lat' dir='ltr'>XIX.</span> <span class='ocrx_word' id='word_1_34' title='bbox 462 709 662 753; x_wconf 77' lang='lat' dir='ltr'>HORTORUM</span> <span class='ocrx_word' id='word_1_35' title='bbox 682 710 787 754; x_wconf 74' lang='lat' dir='ltr'>DEUS.</span> 
     </span>
    </p>
   </div>
   <div class='ocr_carea' id='block_1_5' title="bbox 101 793 941 2360">
    <p class='ocr_par' dir='ltr' id='par_1_5' title="bbox 198 793 941 1095">
     <span class='ocr_line' id='line_1_8' title="bbox 232 793 941 873; baseline 0.007 -18"><span class='ocrx_word' id='word_1_36' title='bbox 232 793 941 873; x_wconf 87' lang='lat' dir='ltr'>Hunoego,iuvenes,locum,villulamqnepalustrem,</span> 
     </span>
     <span class='ocr_line' id='line_1_9' title="bbox 198 873 827 947; baseline 0.002 -17"><span class='ocrx_word' id='word_1_37' title='bbox 198 883 292 930; x_wconf 81' lang='lat' dir='ltr'>tectam</span> <span class='ocrx_word' id='word_1_38' title='bbox 306 874 406 929; x_wconf 90' lang='lat' dir='ltr'>vimine</span> <span class='ocrx_word' id='word_1_39' title='bbox 418 873 520 939; x_wconf 90' lang='lat' dir='ltr'>iunceo,</span> <span class='ocrx_word' id='word_1_40' title='bbox 535 873 680 946; x_wconf 88' lang='lat' dir='ltr'>caricisque</span> <span class='ocrx_word' id='word_1_41' title='bbox 692 875 827 947; x_wconf 88' lang='lat' dir='ltr'>maniplis,</span> 
     </span>
     <span class='ocr_line' id='line_1_10' title="bbox 198 947 893 1021; baseline 0.001 -18"><span class='ocrx_word' id='word_1_42' title='bbox 198 966 312 1021; x_wconf 88' lang='lat' dir='ltr'>quercus</span> <span class='ocrx_word' id='word_1_43' title='bbox 325 947 406 1012; x_wconf 90' lang='lat' dir='ltr'>arida,</span> <span class='ocrx_word' id='word_1_44' title='bbox 421 948 517 1002; x_wconf 87' lang='lat' dir='ltr'>rustica</span> <span class='ocrx_word' id='word_1_45' title='bbox 530 947 688 1004; x_wconf 80' lang='lat' dir='ltr'>conformata</span> <span class='ocrx_word' id='word_1_46' title='bbox 701 952 796 1017; x_wconf 84' lang='lat' dir='ltr'>securi,</span> <span class='ocrx_word' id='word_1_47' title='bbox 886 989 893 1004; x_wconf 80' lang='grc'>.</span> 
     </span>
     <span class='ocr_line' id='line_1_11' title="bbox 200 1022 838 1095; baseline 0.002 -16"><span class='ocrx_word' id='word_1_48' title='bbox 200 1024 300 1079; x_wconf 81' lang='lat' dir='ltr'>nutrio:</span> <span class='ocrx_word' id='word_1_49' title='bbox 322 1022 408 1095; x_wconf 87' lang='lat' dir='ltr'>magis</span> <span class='ocrx_word' id='word_1_50' title='bbox 420 1029 446 1076; x_wconf 87' lang='lat' dir='ltr'>et</span> <span class='ocrx_word' id='word_1_51' title='bbox 458 1023 544 1095; x_wconf 87' lang='lat' dir='ltr'>magis</span> <span class='ocrx_word' id='word_1_52' title='bbox 557 1030 587 1077; x_wconf 91' lang='lat' dir='ltr'>ut</span> <span class='ocrx_word' id='word_1_53' title='bbox 598 1023 672 1078; x_wconf 89' lang='lat' dir='ltr'>beata</span> <span class='ocrx_word' id='word_1_54' title='bbox 686 1027 838 1095; x_wconf 89' lang='lat' dir='ltr'>quotannis.</span> 
     </span>
    </p>

    <p class='ocr_par' dir='ltr' id='par_1_6' title="bbox 144 1096 925 1172">
     <span class='ocr_line' id='line_1_12' title="bbox 144 1096 925 1172; baseline 0.005 -19"><span class='ocrx_word' id='word_1_55' title='bbox 144 1112 155 1152; x_wconf 81' lang='lat'>5</span> <span class='ocrx_word' id='word_1_56' title='bbox 199 1099 284 1153; x_wconf 91' lang='lat' dir='ltr'>lluins</span> <span class='ocrx_word' id='word_1_57' title='bbox 298 1115 360 1152; x_wconf 90' lang='lat' dir='ltr'>narn</span> <span class='ocrx_word' id='word_1_58' title='bbox 373 1096 473 1151; x_wconf 89' lang='lat' dir='ltr'>domini</span> <span class='ocrx_word' id='word_1_59' title='bbox 487 1097 577 1153; x_wconf 90' lang='lat' dir='ltr'>colunt</span> <span class='ocrx_word' id='word_1_60' title='bbox 589 1115 641 1164; x_wconf 89' lang='lat' dir='ltr'>me,</span> <span class='ocrx_word' id='word_1_61' title='bbox 656 1098 790 1172; x_wconf 85' lang='lat' dir='ltr'>deumque</span> <span class='ocrx_word' id='word_1_62' title='bbox 802 1100 925 1168; x_wconf 85' lang='lat' dir='ltr'>salutant,</span> 
     </span>
    </p>

    <p class='ocr_par' dir='ltr' id='par_1_7' title="bbox 101 1171 881 1472">
     <span class='ocr_line' id='line_1_13' title="bbox 101 1171 771 1246; baseline 0.001 -19"><span class='ocrx_word' id='word_1_63' title='bbox 101 1183 104 1188; x_wconf 87' lang='lat'>&#39;</span> <span class='ocrx_word' id='word_1_64' title='bbox 198 1171 321 1245; x_wconf 88' lang='lat' dir='ltr'>pauperis</span> <span class='ocrx_word' id='word_1_65' title='bbox 333 1175 425 1245; x_wconf 77' lang='lat' dir='ltr'>tuguri</span> <span class='ocrx_word' id='word_1_66' title='bbox 438 1178 519 1243; x_wconf 92' lang='lat' dir='ltr'>pater,</span> <span class='ocrx_word' id='word_1_67' title='bbox 535 1171 660 1246; x_wconf 86' lang='lat' dir='ltr'>filiusque</span> <span class='ocrx_word' id='word_1_68' title='bbox 673 1173 771 1228; x_wconf 91' lang='lat' dir='ltr'>coloni:</span> 
     </span>
     <span class='ocr_line' id='line_1_14' title="bbox 199 1245 777 1321; baseline 0.002 -20"><span class='ocrx_word' id='word_1_69' title='bbox 199 1247 263 1301; x_wconf 86' lang='lat' dir='ltr'>altar</span> <span class='ocrx_word' id='word_1_70' title='bbox 275 1245 381 1300; x_wconf 87' lang='lat' dir='ltr'>assidua</span> <span class='ocrx_word' id='word_1_71' title='bbox 394 1245 481 1300; x_wconf 89' lang='lat' dir='ltr'>colens</span> <span class='ocrx_word' id='word_1_72' title='bbox 494 1246 639 1321; x_wconf 80' lang='lat' dir='ltr'>diligentia,</span> <span class='ocrx_word' id='word_1_73' title='bbox 654 1255 685 1301; x_wconf 83' lang='lat' dir='ltr'>ut</span> <span class='ocrx_word' id='word_1_74' title='bbox 696 1247 777 1303; x_wconf 88' lang='lat' dir='ltr'>herba</span> 
     </span>
     <span class='ocr_line' id='line_1_15' title="bbox 198 1320 841 1393; baseline 0.005 -18"><span class='ocrx_word' id='word_1_75' title='bbox 198 1322 308 1376; x_wconf 87' lang='lat' dir='ltr'>dumosa</span> <span class='ocrx_word' id='word_1_76' title='bbox 322 1338 467 1393; x_wconf 86' lang='lat' dir='ltr'>asperaque</span> <span class='ocrx_word' id='word_1_77' title='bbox 479 1339 493 1376; x_wconf 88' lang='lat' dir='ltr'>a</span> <span class='ocrx_word' id='word_1_78' title='bbox 506 1339 565 1377; x_wconf 91' lang='lat' dir='ltr'>meo</span> <span class='ocrx_word' id='word_1_79' title='bbox 577 1323 612 1377; x_wconf 85' lang='lat' dir='ltr'>sit</span> <span class='ocrx_word' id='word_1_80' title='bbox 624 1330 721 1377; x_wconf 88' lang='lat' dir='ltr'>remota</span> <span class='ocrx_word' id='word_1_81' title='bbox 734 1320 841 1378; x_wconf 89' lang='lat' dir='ltr'>sacello:</span> 
     </span>
     <span class='ocr_line' id='line_1_16' title="bbox 198 1394 881 1472; baseline 0.004 -22"><span class='ocrx_word' id='word_1_82' title='bbox 198 1396 262 1450; x_wconf 86' lang='lat' dir='ltr'>alter</span> <span class='ocrx_word' id='word_1_83' title='bbox 274 1413 354 1466; x_wconf 89' lang='lat' dir='ltr'>parva</span> <span class='ocrx_word' id='word_1_84' title='bbox 367 1394 452 1451; x_wconf 81' lang='lat' dir='ltr'>ferens</span> <span class='ocrx_word' id='word_1_85' title='bbox 466 1414 547 1451; x_wconf 88' lang='lat' dir='ltr'>mann</span> <span class='ocrx_word' id='word_1_86' title='bbox 561 1414 663 1468; x_wconf 80' lang='lat' dir='ltr'><strong>semper</strong></span> <span class='ocrx_word' id='word_1_87' title='bbox 676 1413 785 1452; x_wconf 90' lang='lat' dir='ltr'>munera</span> <span class='ocrx_word' id='word_1_88' title='bbox 798 1396 881 1472; x_wconf 89' lang='lat' dir='ltr'>larga.</span> 
     </span>
    </p>

    <p class='ocr_par' dir='ltr' id='par_1_8' title="bbox 145 1470 868 1841">
     <span class='ocr_line' id='line_1_17' title="bbox 145 1470 764 1543; baseline 0.002 -21"><span class='ocrx_word' id='word_1_89' title='bbox 145 1481 170 1522; x_wconf 83' lang='lat' dir='ltr'>lo</span> <span class='ocrx_word' id='word_1_90' title='bbox 201 1470 305 1525; x_wconf 90' lang='lat' dir='ltr'>Florido</span> <span class='ocrx_word' id='word_1_91' title='bbox 318 1471 384 1524; x_wconf 89' lang='lat' dir='ltr'>mihi</span> <span class='ocrx_word' id='word_1_92' title='bbox 399 1471 504 1543; x_wconf 91' lang='lat' dir='ltr'>ponitur</span> <span class='ocrx_word' id='word_1_93' title='bbox 516 1471 585 1542; x_wconf 88' lang='lat' dir='ltr'>picta</span> <span class='ocrx_word' id='word_1_94' title='bbox 598 1487 658 1526; x_wconf 83' lang='lat' dir='ltr'>vere</span> <span class='ocrx_word' id='word_1_95' title='bbox 670 1470 764 1524; x_wconf 92' lang='lat' dir='ltr'>corolla</span> 
     </span>
     <span class='ocr_line' id='line_1_18' title="bbox 198 1543 855 1615; baseline 0 -17"><span class='ocrx_word' id='word_1_96' title='bbox 198 1545 323 1615; x_wconf 85' lang='lat' dir='ltr'>primitu’,</span> <span class='ocrx_word' id='word_1_97' title='bbox 338 1555 363 1599; x_wconf 87' lang='lat' dir='ltr'>et</span> <span class='ocrx_word' id='word_1_98' title='bbox 376 1554 462 1600; x_wconf 86' lang='lat' dir='ltr'>tenera</span> <span class='ocrx_word' id='word_1_99' title='bbox 475 1546 564 1599; x_wconf 89' lang='lat' dir='ltr'>virens</span> <span class='ocrx_word' id='word_1_100' title='bbox 577 1544 649 1615; x_wconf 91' lang='lat' dir='ltr'>spica</span> <span class='ocrx_word' id='word_1_101' title='bbox 661 1543 749 1597; x_wconf 90' lang='lat' dir='ltr'>mollis</span> <span class='ocrx_word' id='word_1_102' title='bbox 762 1544 855 1598; x_wconf 88' lang='lat' dir='ltr'>arista:</span> 
     </span>
     <span class='ocr_line' id='line_1_19' title="bbox 200 1617 774 1689; baseline -0.003 -17"><span class='ocrx_word' id='word_1_103' title='bbox 200 1620 283 1674; x_wconf 86' lang='lat' dir='ltr'>luteae</span> <span class='ocrx_word' id='word_1_104' title='bbox 297 1619 379 1675; x_wconf 87' lang='lat' dir='ltr'>violae</span> <span class='ocrx_word' id='word_1_105' title='bbox 391 1619 468 1683; x_wconf 89' lang='lat' dir='ltr'>mihi,</span> <span class='ocrx_word' id='word_1_106' title='bbox 483 1617 639 1689; x_wconf 84' lang='lat' dir='ltr'>luteumque</span> <span class='ocrx_word' id='word_1_107' title='bbox 650 1633 774 1688; x_wconf 83' lang='lat' dir='ltr'>papaver,</span> 
     </span>
     <span class='ocr_line' id='line_1_20' title="bbox 198 1689 868 1766; baseline -0.001 -19"><span class='ocrx_word' id='word_1_108' title='bbox 198 1693 377 1766; x_wconf 86' lang='lat' dir='ltr'>pallentesque</span> <span class='ocrx_word' id='word_1_109' title='bbox 389 1693 547 1757; x_wconf 79' lang='lat' dir='ltr'>cucurbitae,</span> <span class='ocrx_word' id='word_1_110' title='bbox 563 1699 588 1746; x_wconf 90' lang='lat' dir='ltr'>et</span> <span class='ocrx_word' id='word_1_111' title='bbox 600 1689 776 1746; x_wconf 81' lang='lat' dir='ltr'>suaveolentia</span> <span class='ocrx_word' id='word_1_112' title='bbox 790 1691 868 1756; x_wconf 88' lang='lat' dir='ltr'>mala,</span> 
     </span>
     <span class='ocr_line' id='line_1_21' title="bbox 199 1764 818 1841; baseline -0.005 -18"><span class='ocrx_word' id='word_1_113' title='bbox 199 1787 252 1824; x_wconf 81' lang='lat' dir='ltr'>uva</span> <span class='ocrx_word' id='word_1_114' title='bbox 264 1769 403 1841; x_wconf 88' lang='lat' dir='ltr'>pampinea</span> <span class='ocrx_word' id='word_1_115' title='bbox 418 1769 515 1822; x_wconf 87' lang='lat' dir='ltr'>rubens</span> <span class='ocrx_word' id='word_1_116' title='bbox 528 1764 636 1821; x_wconf 90' lang='lat' dir='ltr'>educata</span> <span class='ocrx_word' id='word_1_117' title='bbox 648 1766 700 1820; x_wconf 88' lang='lat' dir='ltr'>sub</span> <span class='ocrx_word' id='word_1_118' title='bbox 713 1765 818 1820; x_wconf 87' lang='lat' dir='ltr'>umbra.</span> 
     </span>
    </p>

    <p class='ocr_par' dir='ltr' id='par_1_9' title="bbox 144 1839 898 2208">
     <span class='ocr_line' id='line_1_22' title="bbox 144 1839 877 1917; baseline 0.001 -23"><span class='ocrx_word' id='word_1_119' title='bbox 144 1853 170 1896; x_wconf 78' lang='lat'>15</span> <span class='ocrx_word' id='word_1_120' title='bbox 200 1843 334 1917; x_wconf 81' lang='lat' dir='ltr'>Sanguine</span> <span class='ocrx_word' id='word_1_121' title='bbox 347 1843 415 1896; x_wconf 89' lang='lat' dir='ltr'>hanc</span> <span class='ocrx_word' id='word_1_122' title='bbox 427 1843 505 1896; x_wconf 86' lang='lat' dir='ltr'>ctiam</span> <span class='ocrx_word' id='word_1_123' title='bbox 518 1841 585 1894; x_wconf 90' lang='lat' dir='ltr'>mihi</span> <span class='ocrx_word' id='word_1_124' title='bbox 598 1839 652 1912; x_wconf 84' lang='lat' dir='ltr'>(sed</span> <span class='ocrx_word' id='word_1_125' title='bbox 666 1840 792 1912; x_wconf 73' lang='lat' dir='ltr'>tacebitis)</span> <span class='ocrx_word' id='word_1_126' title='bbox 805 1859 877 1896; x_wconf 89' lang='lat' dir='ltr'>aram</span> 
     </span>
     <span class='ocr_line' id='line_1_23' title="bbox 198 1913 822 1986; baseline -0.006 -14"><span class='ocrx_word' id='word_1_127' title='bbox 198 1917 322 1972; x_wconf 84' lang='lat' dir='ltr'>barbatus</span> <span class='ocrx_word' id='word_1_128' title='bbox 336 1917 394 1970; x_wconf 89' lang='lat' dir='ltr'>linit</span> <span class='ocrx_word' id='word_1_129' title='bbox 407 1915 534 1980; x_wconf 86' lang='lat' dir='ltr'>hirculus,</span> <span class='ocrx_word' id='word_1_130' title='bbox 549 1915 702 1986; x_wconf 87' lang='lat' dir='ltr'>oornipesvc</span> <span class='ocrx_word' id='word_1_131' title='bbox 713 1913 822 1986; x_wconf 88' lang='lat' dir='ltr'>capella.</span> 
     </span>
     <span class='ocr_line' id='line_1_24' title="bbox 199 1989 897 2064; baseline -0.003 -18"><span class='ocrx_word' id='word_1_132' title='bbox 199 1994 248 2046; x_wconf 90' lang='lat' dir='ltr'>Pro</span> <span class='ocrx_word' id='word_1_133' title='bbox 260 1991 337 2064; x_wconf 90' lang='lat' dir='ltr'>queis</span> <span class='ocrx_word' id='word_1_134' title='bbox 349 1991 437 2044; x_wconf 89' lang='lat' dir='ltr'>omnia</span> <span class='ocrx_word' id='word_1_135' title='bbox 450 1989 596 2045; x_wconf 88' lang='lat' dir='ltr'>honoribus</span> <span class='ocrx_word' id='word_1_136' title='bbox 608 1989 673 2043; x_wconf 90' lang='lat' dir='ltr'>haec</span> <span class='ocrx_word' id='word_1_137' title='bbox 685 2006 790 2043; x_wconf 87' lang='lat' dir='ltr'>necesse</span> <span class='ocrx_word' id='word_1_138' title='bbox 803 1989 897 2061; x_wconf 86' lang='lat' dir='ltr'>Priapo</span> 
     </span>
     <span class='ocr_line' id='line_1_25' title="bbox 198 2062 898 2137; baseline -0.001 -17"><span class='ocrx_word' id='word_1_139' title='bbox 198 2075 335 2137; x_wconf 86' lang='lat' dir='ltr'>praestare,</span> <span class='ocrx_word' id='word_1_140' title='bbox 349 2072 375 2116; x_wconf 87' lang='lat' dir='ltr'>et</span> <span class='ocrx_word' id='word_1_141' title='bbox 387 2063 488 2117; x_wconf 89' lang='lat' dir='ltr'>domini</span> <span class='ocrx_word' id='word_1_142' title='bbox 500 2062 637 2119; x_wconf 85' lang='lat' dir='ltr'>hortulum</span> <span class='ocrx_word' id='word_1_143' title='bbox 651 2063 807 2136; x_wconf 86' lang='lat' dir='ltr'>vineamque</span> <span class='ocrx_word' id='word_1_144' title='bbox 819 2065 898 2119; x_wconf 90' lang='lat' dir='ltr'>tueri.</span> 
     </span>
     <span class='ocr_line' id='line_1_26' title="bbox 199 2138 863 2208; baseline -0.002 -15"><span class='ocrx_word' id='word_1_145' title='bbox 199 2140 286 2206; x_wconf 89' lang='lat' dir='ltr'>Quare</span> <span class='ocrx_word' id='word_1_146' title='bbox 298 2139 369 2202; x_wconf 91' lang='lat' dir='ltr'>hinc,</span> <span class='ocrx_word' id='word_1_147' title='bbox 384 2155 400 2192; x_wconf 96' lang='lat' dir='ltr'>o</span> <span class='ocrx_word' id='word_1_148' title='bbox 413 2138 497 2208; x_wconf 89' lang='lat' dir='ltr'>pueri,</span> <span class='ocrx_word' id='word_1_149' title='bbox 511 2138 595 2193; x_wconf 90' lang='lat' dir='ltr'>malas</span> <span class='ocrx_word' id='word_1_150' title='bbox 609 2139 735 2193; x_wconf 82' lang='lat' dir='ltr'>abstinete</span> <span class='ocrx_word' id='word_1_151' title='bbox 748 2139 863 2208; x_wconf 89' lang='lat' dir='ltr'>rapinas.</span> 
     </span>
    </p>

    <p class='ocr_par' dir='ltr' id='par_1_10' title="bbox 144 2211 898 2360">
     <span class='ocr_line' id='line_1_27' title="bbox 144 2211 889 2287; baseline 0.003 -20"><span class='ocrx_word' id='word_1_152' title='bbox 144 2225 170 2270; x_wconf 80' lang='lat' dir='ltr'>ao</span> <span class='ocrx_word' id='word_1_153' title='bbox 200 2215 309 2269; x_wconf 91' lang='lat' dir='ltr'>Vicinus</span> <span class='ocrx_word' id='word_1_154' title='bbox 322 2228 402 2284; x_wconf 85' lang='lat' dir='ltr'>prope</span> <span class='ocrx_word' id='word_1_155' title='bbox 413 2211 489 2266; x_wconf 88' lang='lat' dir='ltr'>dives</span> <span class='ocrx_word' id='word_1_156' title='bbox 500 2221 549 2278; x_wconf 82' lang='lat' dir='ltr'>ost,</span> <span class='ocrx_word' id='word_1_157' title='bbox 564 2212 755 2287; x_wconf 80' lang='lat' dir='ltr'>negligensque</span> <span class='ocrx_word' id='word_1_158' title='bbox 767 2215 889 2286; x_wconf 87' lang='lat' dir='ltr'>Priapus.</span> 
     </span>
     <span class='ocr_line' id='line_1_28' title="bbox 199 2287 898 2360; baseline 0.001 -18"><span class='ocrx_word' id='word_1_159' title='bbox 199 2288 262 2342; x_wconf 87' lang='lat' dir='ltr'>lndo</span> <span class='ocrx_word' id='word_1_160' title='bbox 274 2287 384 2342; x_wconf 86' lang='lat' dir='ltr'>sumito:</span> <span class='ocrx_word' id='word_1_161' title='bbox 406 2288 498 2342; x_wconf 88' lang='lat' dir='ltr'>semita</span> <span class='ocrx_word' id='word_1_162' title='bbox 511 2288 575 2343; x_wconf 86' lang='lat' dir='ltr'>haec</span> <span class='ocrx_word' id='word_1_163' title='bbox 587 2288 682 2344; x_wconf 87' lang='lat' dir='ltr'>deindo</span> <span class='ocrx_word' id='word_1_164' title='bbox 694 2304 742 2344; x_wconf 81' lang='lat' dir='ltr'>vos</span> <span class='ocrx_word' id='word_1_165' title='bbox 755 2287 818 2344; x_wconf 89' lang='lat' dir='ltr'>leret</span> <span class='ocrx_word' id='word_1_166' title='bbox 830 2291 898 2360; x_wconf 89' lang='lat' dir='ltr'>ipsa.</span> 
     </span>
    </p>
   </div>
   <div class='ocr_carea' id='block_1_6' title="bbox 365 2407 781 2452">
    <p class='ocr_par' dir='ltr' id='par_1_11' title="bbox 365 2407 781 2452">
     <span class='ocr_line' id='line_1_29' title="bbox 365 2407 781 2452; baseline 0.005 -2"><span class='ocrx_word' id='word_1_167' title='bbox 365 2407 426 2450; x_wconf 86' lang='lat' dir='ltr'>XX.</span> <span class='ocrx_word' id='word_1_168' title='bbox 450 2408 656 2452; x_wconf 73' lang='lat' dir='ltr'>HORTORUM</span> <span class='ocrx_word' id='word_1_169' title='bbox 678 2407 781 2452; x_wconf 71' lang='lat' dir='ltr'>nnus,</span> 
     </span>
    </p>
   </div>
   <div class='ocr_carea' id='block_1_7' title="bbox 236 2473 854 2708">
    <p class='ocr_par' dir='ltr' id='par_1_12' title="bbox 236 2473 854 2708">
     <span class='ocr_line' id='line_1_30' title="bbox 276 2473 806 2556; baseline 0.006 -20"><span class='ocrx_word' id='word_1_170' title='bbox 276 2473 337 2556; x_wconf 83' lang='lat' dir='ltr'>Ego</span> <span class='ocrx_word' id='word_1_171' title='bbox 350 2482 422 2547; x_wconf 86' lang='lat' dir='ltr'>haec,</span> <span class='ocrx_word' id='word_1_172' title='bbox 436 2499 485 2556; x_wconf 89' lang='lat' dir='ltr'>ego</span> <span class='ocrx_word' id='word_1_173' title='bbox 497 2491 551 2538; x_wconf 83' lang='lat' dir='ltr'>arto</span> <span class='ocrx_word' id='word_1_174' title='bbox 563 2481 687 2539; x_wconf 83' lang='lat' dir='ltr'>fabricata</span> <span class='ocrx_word' id='word_1_175' title='bbox 700 2484 806 2549; x_wconf 87' lang='lat' dir='ltr'>rustica,</span> 
     </span>
     <span class='ocr_line' id='line_1_31' title="bbox 237 2557 724 2631; baseline 0.002 -19"><span class='ocrx_word' id='word_1_176' title='bbox 237 2574 286 2631; x_wconf 81' lang='lat' dir='ltr'>ego</span> <span class='ocrx_word' id='word_1_177' title='bbox 299 2557 380 2624; x_wconf 85' lang='lat' dir='ltr'>arida,</span> <span class='ocrx_word' id='word_1_178' title='bbox 395 2557 516 2624; x_wconf 84' lang='lat' dir='ltr'>oviator,</span> <span class='ocrx_word' id='word_1_179' title='bbox 530 2575 589 2613; x_wconf 85' lang='lat' dir='ltr'>ecco</span> <span class='ocrx_word' id='word_1_180' title='bbox 600 2557 724 2631; x_wconf 88' lang='lat' dir='ltr'>populus,</span> 
     </span>
     <span class='ocr_line' id='line_1_32' title="bbox 236 2631 854 2708; baseline -0.006 -20"><span class='ocrx_word' id='word_1_181' title='bbox 236 2632 382 2708; x_wconf 86' lang='lat' dir='ltr'>agellulum</span> <span class='ocrx_word' id='word_1_182' title='bbox 395 2635 468 2689; x_wconf 90' lang='lat' dir='ltr'>hunc</span> <span class='ocrx_word' id='word_1_183' title='bbox 479 2634 595 2700; x_wconf 86' lang='lat' dir='ltr'>sinistra,</span> <span class='ocrx_word' id='word_1_184' title='bbox 610 2641 665 2689; x_wconf 83' lang='lat' dir='ltr'>tute</span> <span class='ocrx_word' id='word_1_185' title='bbox 677 2649 757 2704; x_wconf 86' lang='lat' dir='ltr'>quem</span> <span class='ocrx_word' id='word_1_186' title='bbox 772 2631 854 2695; x_wconf 87' lang='lat' dir='ltr'>vides,</span> 
     </span>
    </p>
   </div>
   <div class='ocr_carea' id='block_1_8' title="bbox 0 0 1020 3036">
    <p class='ocr_par' dir='ltr' id='par_1_13' title="bbox 0 0 1020 3036">
     <span class='ocr_line' id='line_1_33' title="bbox 0 0 1020 3036; baseline 0 1"><span class='ocrx_word' id='word_1_187' title='bbox 0 0 1020 3036; x_wconf 95' lang='lat' dir='ltr'> </span> 
     </span>
    </p>
   </div>
  </div>
 </body>
</html>
