2028 3034
260 142 331 198 LIB.
352 144 373 197 1.
403 141 517 197 ELEG.
538 145 574 196 ΙΙ.
757 149 785 200 91

39 255 111 308 Nam
121 250 200 306 fuerit
209 251 363 323 quicunque
374 249 480 322 loquax,
494 251 762 324 inaugurandum,

79 326 103 381 is
114 324 368 397 Veneremercpido
376 324 533 380 sentieicsse
545 326 622 380 mari.
816 338 842 382 40

41 403 97 456 Nec
105 407 193 454 tamen
203 400 267 454 huic
277 399 363 454 credet
371 399 470 454 coniux
480 408 551 464 tuus,
563 407 594 454 ut
602 400 669 454 mihi
680 418 760 456 verax

79 473 194 546 pollicita
204 481 243 529 est
251 474 354 546 magico
363 490 426 546 saga
435 473 591 528 ministerio,

42 551 115 604 Hanc
124 565 173 621 ago
185 548 218 602 de
228 547 298 602 caelo
308 548 445 602 ducentem
455 547 539 604 sidera
551 548 619 603 vidi:

78 622 199 678 fluminis
209 623 274 677 haec
281 623 367 694 rapidi
377 623 492 676 carmine
501 623 581 676 vertit¹
588 623 649 678 iter:

43 699 107 753 haec
116 704 195 750 cantu
205 695 334 768 finditque
344 695 441 761 solum,
453 697 596 769 Manesque
604 697 732 769 sepulcris
817 710 842 754 45

79 771 159 836 elicit,
171 778 196 826 et
204 770 291 842 cepido
300 770 408 826 dcvccm
416 787 475 825 usse
487 787 560 844 rogo.

43 849 98 901 Iam
106 853 176 900 tenet
186 843 300 900 infernas
309 845 412 918 magico
420 845 530 899 stridore
538 853 667 902 cateruas:
706 843 709 850 ’

80 922 134 974 iam
144 919 217 974 iubat
226 919 363 990 adspersas
373 918 437 974 lacte
447 919 542 974 referre
550 919 653 990 pedam.

18 1027 20 1056 r
42 995 133 1062 Quum
144 991 215 1058 libet,
227 993 366 1048 haectrisci
376 993 481 1065 depellit
491 994 583 1049 nubila
592 995 674 1050 caelo·

18 1077 19 1080 ’
80 1085 166 1140 quum
177 1067 248 1132 libet,
260 1068 358 1122 aestivo
366 1076 491 1123 convocat
499 1068 656 1125 orbenivcs.

43 1142 103 1198 Scia
113 1151 199 1198 terrem
209 1141 291 1196 malas
300 1141 405 1196 Medeae
414 1141 511 1196 dicitur
521 1143 624 1209 herhas,

80 1217 136 1272 sola
145 1215 212 1272 feros
222 1217 330 1270 Hecatae
338 1216 519 1287 perdomuisse
528 1235 614 1272 canes.

42 1293 111 1347 Haec
121 1291 189 1346 mihi
197 1290 344 1361 composuit
353 1299 455 1355 cantus,
467 1292 543 1362 queis
552 1290 641 1346 saliere
650 1309 753 1364 posses:

80 1375 201 1431 tercado,
212 1372 250 1420 ier
259 1363 338 1419 dictis
346 1364 446 1436 despue
453 1365 630 1420 carminibus:

41 1440 87 1496 ille
100 1438 167 1494 nibil
176 1439 269 1511 poterit
278 1438 311 1494 de
320 1439 397 1494 nobis
407 1438 510 1494 credere
519 1439 653 1512 cuiquam,

79 1513 606 1586 nonsibi,siiumoiiivideritipsetcro.
756 1511 760 1517 ’

41 1592 82 1645 Tu
93 1597 180 1644 tamen
190 1588 322 1644 abstineas
332 1587 404 1657 aliis;
426 1605 488 1644 nem
498 1596 580 1644 cetera
593 1591 679 1645 cernet

79 1664 183 1720 omnia:
203 1662 608 1734 damcuncsenticcipsenibil.

42 1737 246 1806 Quidcredam‘?
264 1753 359 1810 nempe
368 1737 432 1792 haec
441 1737 531 1792 eadem
541 1753 569 1792 se
578 1737 646 1792 dixit
655 1755 755 1793 amores

79 1813 201 1868 cantibus
211 1820 256 1867 aut
265 1812 355 1868 herbis
364 1811 464 1867 solvere
473 1827 549 1883 posse
558 1828 639 1877 meos,

42 1897 66 1942 et
76 1905 120 1942 ma
129 1887 251 1942 lustravit
260 1886 354 1956 taedis;
376 1894 400 1942 et
410 1891 485 1942 nocte
492 1903 582 1942 sacua

79 1960 194 2018 concidit
201 1961 235 2017 ad
244 1961 359 2035 magicos
368 1961 453 2017 hostia
462 1959 536 2033 pulla
544 1960 616 2017 daos.

43 2038 100 2092 Non
110 2053 169 2110 ego,
181 2043 250 2092 ictus
260 2037 361 2091 abesset
370 2053 451 2101 amor,
465 2035 511 2091 sed
521 2044 631 2092 mutuus
641 2045 715 2101 esset.

77 2111 199 2178 orabam
220 2120 302 2166 necte
312 2128 387 2182 posse
397 2127 483 2166 carere
492 2110 583 2166 velim.

42 2187 153 2241 Ferreus
163 2184 209 2240 ilic
218 2184 276 2250 fnit,
288 2187 345 2257 qui,
357 2195 383 2240 te
391 2203 477 2259 quum
486 2193 573 2256 posset
582 2185 686 2249 habere,

79 2259 203 2315 maluerit
211 2259 321 2330 praedas
330 2259 427 2316 stultus
435 2267 461 2316 et
470 2274 542 2316 arma
552 2260 639 2331 sequi.

41 2333 87 2388 Ille
98 2334 158 2390 licet
167 2334 281 2390 Cilicum
292 2335 374 2390 victas
384 2342 443 2408 agat
452 2342 511 2388 anta
520 2340 644 2397 catervas,

77 2417 158 2480 ponat
167 2415 193 2464 et
201 2409 229 2463 in
240 2417 314 2481 capto
324 2409 416 2464 Martia
427 2406 587 2475 castrasc103

41 2490 109 2538 totus
119 2491 145 2538 et
154 2490 261 2556 argeum
271 2491 415 2548 contextus,
427 2489 496 2538 cutus
505 2490 530 2537 et
542 2497 616 2546 auro,

78 2556 192 2612 insideat
202 2556 278 2611 caleri
292 2556 493 2628 conspiciendus
503 2573 582 2628 equo:

42 2633 99 2702 ipse
108 2632 201 2695 boves,
213 2647 271 2686 mea
281 2631 332 2686 sim
343 2639 428 2686 tecum
440 2630 527 2696 modo,
539 2630 619 2695 Delia,
631 2627 731 2700 possim
