2028 3034
200 145 201 148 ’
279 129 489 187 CARMINUM
508 132 633 186 LIBER.
794 135 826 190 tt

74 242 212 297 Deseritur
221 238 332 312 Scyros:
354 238 480 310 linquunt
490 239 634 293 Phthiotica
644 240 749 312 Tempe,
854 249 880 294 tt

75 315 263 385 Cranonisque
271 312 372 377 domos,
384 331 414 367 ao
423 314 525 367 moenia
536 313 679 368 Larissaea.

76 386 237 445 Pharsalum
247 395 350 451 coeunt,
363 387 495 441 Pharsalia
505 395 569 441 tecta
580 385 755 458 frequentant.

77 465 149 518 Rura
160 461 223 517 oolit
233 477 320 525 nemo,
333 460 488 516 mollescunt
496 461 562 515 oolla
573 461 704 518 iuvencis:

78 555 132 592 non
142 534 256 590 humilis
265 535 354 589 curvis
364 543 492 608 purgatur
502 535 578 590 vinea
587 536 692 592 rastris:

77 629 132 666 non
141 609 250 738 plebam
259 625 344 680 prono
351 609 474 664 convellit
483 626 588 664 vomere
596 617 702 666 taurim:

78 703 132 740 non
154 684 200 738 alx
210 691 325 738 attenuat
335 682 513 738 frondatorum
523 683 624 738 arboris
634 685 772 742 umbram:

78 756 204 830 squalida
213 757 321 811 desertis
331 757 422 830 robigo
432 757 541 812 infertur
553 758 655 814 aratris.

79 833 169 904 Ipsius
179 839 206 885 at
215 830 299 895 sedes,
312 848 471 902 quacunque
480 830 603 902 opulenta
612 835 717 888 reoessit

80 907 162 978 regia,
174 903 285 978 fulgenti
295 904 432 976 splendent
441 922 505 960 auro
515 913 593 977 atque
602 916 718 980 argento.

82 979 183 1037 Candet
191 979 258 1034 ebur
267 978 349 1042 soliis,
361 978 591 1051 collucentpocula
599 999 718 1038 mensae:

81 1062 133 1108 tota
142 1053 239 1108 domus
248 1053 347 1126 gaudet
354 1053 434 1126 regali
445 1053 582 1124 splendida
590 1071 665 1128 gaza.

81 1126 210 1184 Pulvinar
219 1144 283 1184 vero
290 1127 368 1182 dirae
374 1128 477 1200 geniale
490 1127 588 1183 locatur

82 1201 191 1256 sedibus
201 1201 230 1256 in
240 1201 344 1266 mediis,
356 1201 421 1256 indo
431 1202 503 1275 quod
511 1203 588 1257 dente
595 1202 708 1273 politum

81 1276 162 1330 tincta
174 1276 239 1348 tegit
247 1293 321 1330 roseo
329 1277 450 1349 conchyll
460 1293 579 1348 purpura
587 1275 656 1330 luco.

82 1351 151 1404 Haeo
160 1351 253 1414 vestis,
262 1350 357 1420 priscis
367 1351 507 1405 hominurn
517 1350 616 1404 variata
625 1350 728 1422 figuris,

82 1423 194 1479 heroum
203 1424 271 1478 mira
282 1424 391 1478 virtutes
401 1424 501 1478 indicat
508 1433 573 1480 arte.

82 1500 205 1570 Namque
213 1497 370 1552 fluentisono
378 1506 546 1569 prospectans
556 1497 630 1552 litore
638 1497 701 1554 Diae

83 1573 183 1628 Thesea
190 1571 326 1626 oedenoem
334 1571 482 1628 celerinum
492 1573 575 1628 classe
583 1580 671 1627 tuetur

84 1646 227 1702 indomitos
237 1647 267 1702 in
275 1645 352 1702 corde
360 1663 458 1719 gerens
464 1646 581 1702 Ariadna
588 1645 689 1702 furores
697 1665 703 1714 ;

84 1721 198 1776 necdum
207 1721 286 1776 etiam
296 1737 362 1785 sese,
375 1738 443 1792 quae
452 1721 523 1786 visit,
535 1721 620 1776 visere
628 1720 718 1785 credit,

83 1794 266 1866 utpotelallaoi
276 1802 411 1865 quactum
421 1795 538 1866 primurn
549 1794 632 1849 excita
641 1811 734 1849 somno

83 1869 210 1923 desertam
220 1869 249 1923 in
260 1868 316 1924 sola
324 1869 448 1924 miseram
458 1887 487 1924 se
495 1869 578 1924 oernit
587 1885 676 1924 arena.

82 1945 225 1997 Immemor
234 1951 260 1997 at
269 1943 374 1998 iuvenis
381 1941 488 2018 fugiens
496 1943 571 2015 pellit
579 1942 646 1998 vada
656 1943 748 2010 remis*

82 2017 157 2071 irrita
166 2024 288 2072 ventosae
298 2017 422 2088 linquens
433 2019 561 2088 promissa
571 2017 706 2089 procellae.

82 2089 167 2157 Quem
177 2090 268 2162 procul
279 2108 312 2146 ex
322 2091 380 2164 alga
391 2093 497 2146 moestis
506 2092 602 2147 Minois
611 2091 708 2157 ocellis,

82 2182 160 2219 saxea
170 2173 200 2219 ut
208 2164 309 2238 effigies
318 2165 478 2230 bacchantis,
491 2166 624 2237 prospicit,
635 2182 708 2231 evoe,

82 2239 217 2310 prospicit,
228 2246 253 2293 et
262 2240 367 2312 magnis
377 2257 500 2295 curarum
510 2239 618 2295 fluctuat
627 2238 717 2305 undis,

83 2329 137 2368 non
145 2311 214 2368 ssavo
223 2314 338 2368 retinens
347 2313 472 2368 subtilem
483 2315 578 2369 vertice
588 2313 703 2378 mitram,

83 2402 136 2441 non
146 2394 261 2442 oonteda
271 2386 323 2442 levi
335 2387 451 2444 velatum
461 2396 551 2460 pectus
564 2387 671 2452 amictu,

83 2477 136 2515 non
147 2462 220 2516 teneti
230 2461 348 2532 strophio
358 2461 480 2518 lactentes
491 2463 576 2518 vineta
584 2460 711 2535 papillas:

82 2535 171 2590 omnia
180 2553 251 2608 quae
258 2543 311 2592 toto
320 2535 565 2608 delapsaeoorpore
574 2537 674 2608 passim

83 2609 167 2739 ipstips
177 2617 239 2666 ante
247 2609 328 2684 pedes
338 2609 433 2668 ductus
441 2610 505 2668 salis
517 2611 689 2738 alludebantb

141 2701 229 2740 trote.
