2030 3036
257 168 466 225 CARMINUM
485 171 611 226 LIBER.
774 176 806 228 45

57 279 176 351 adiitque
185 283 266 350 opdoa
275 277 352 332 silvis
361 277 482 334 redimita
492 277 548 334 isca
557 278 633 334 deae:

57 353 210 408 stimulatus
220 353 267 407 ubi
278 351 374 406 furenti
385 353 465 418 rabis,
477 357 562 426 vagus
572 355 664 419 animi,

57 426 174 483 devdlvit
189 425 235 481 illa
244 428 319 482 aeutd
328 425 380 480 sibi
390 427 505 497 pdnderd
514 427 597 482 silint.
848 441 860 486 t

58 505 149 574 ltaque
160 508 189 555 ut
199 499 286 555 relicta
296 501 379 555 sensit
387 501 438 554 sibi
448 502 566 556 membra
575 501 633 556 sins
641 503 706 565 viro,

56 587 81 630 et
89 578 146 631 'iam
155 582 258 630 reoenta
266 583 348 629 terrae
357 573 412 628 sola
422 576 553 649 sanguina
562 576 707 642 maculans,

57 651 143 705 niveis
153 652 231 704 citata
240 649 309 721 oepit
318 649 443 704 manibus
454 649 512 704 leva
521 635 660 724 tudinum,
681 644 725 696 ἢ)

56 735 198 798 typanum‚
211 724 303 778 tubam
313 723 443 796 Cybelles,
455 732 508 790 tua,
521 725 610 789 Mater,
623 725 707 781 initia.

57 801 234 870 quatiensque
242 805 313 870 terga
324 798 392 852 tauri
403 799 497 852 teneris
506 815 570 853 aava
580 799 680 872 digitis,
833 815 858 856 1⁰

56 890 150 928 canera
158 872 224 926 haee
233 872 290 926 suis
300 870 389 926 adorta
398 879 437 926 ast
446 872 616 927 tremebunda
627 875 778 933 oomitibus.

95 989 113 1012 ‚‚
121 946 206 1020 Agite,
220 947 255 1000 ite
263 945 296 1000 ad
307 944 366 1009 alta,
377 945 477 1012 Gallae,
489 946 600 1021 Cyheles
610 965 715 1004 nemora
728 951 818 1016 simul,

56 1020 137 1076 simul
148 1021 192 1086 ite,
208 1019 389 1094 Dindymenae
399 1038 465 1094 vaga
477 1029 579 1092 pentora
589 1021 720 1088 dominae,

56 1095 140 1150 aliena
151 1111 220 1166 quae
230 1101 354 1166 petentes,
365 1094 437 1170 velut
446 1096 547 1162 exules,
562 1095 626 1161 losa,

56 1177 154 1224 sectam
165 1186 252 1223 meam
262 1176 406 1235 exsecutae,
418 1169 485 1225 duae
494 1187 546 1235 me,
558 1171 625 1224 mihi
637 1173 743 1228 domitas
832 1187 857 1228 la

55 1243 181 1317 rapidum
190 1242 278 1298 salum
287 1241 394 1307 tulistis,
407 1244 605 1315 truculentaque
613 1246 710 1320 pelagi,

55 1328 79 1373 et
88 1335 186 1390 ‹atrpus
195 1317 316 1372 evirastis
325 1318 435 1374 Veneris
445 1320 529 1373 nimio
537 1319 606 1382 odio,

54 1392 166 1448 hilarate
174 1392 237 1446 hero
247 1393 331 1446 citatis
340 1393 474 1448 erroribus
484 1393 615 1447 animum.

55 1469 127 1522 Mora
138 1466 210 1521 tarda
222 1474 307 1521 menta
317 1467 404 1522 eadat:
417 1467 498 1522 simul
508 1469 553 1532 its,
566 1468 709 1540 sequimini

55 1542 202 1616 Phrygiam
212 1541 245 1595 ad
255 1541 365 1596 domum
376 1541 509 1615 Cybelles,
524 1542 640 1669 Plrlgla
653 1544 686 1598 ad
696 1562 799 1600 nemora

567 1634 624 1672 eas:
830 1632 856 1674 m

53 1691 102 1746 ubi
112 1688 267 1764 cymbalum
276 1699 351 1746 sonat
360 1707 422 1755 vox,
434 1689 481 1744 uba
491 1697 617 1763 tympana
627 1691 742 1757 relidam,

53 1765 152 1820 tibioen
164 1764 211 1819 ubi
220 1765 291 1820 nanit
300 1765 391 1839 Phryx
399 1780 481 1818 curuo
490 1781 571 1837 grave
580 1763 689 1830 calamo,

53 1840 101 1894 ubi
112 1841 198 1910 capita
207 1839 345 1894 Maenades
355 1839 382 1896 vi
394 1837 493 1893 iaciunt
501 1837 677 1912 hederigerae,
702 1874 707 1886 ι

52 1914 101 1968 ubi
112 1929 184 1968 sacra
195 1920 282 1968 saneta
293 1916 377 1968 acutis
385 1911 533 1968 ululatibus
542 1913 650 1987 agitant,

52 1988 101 2042 ubi
110 1987 198 2042 suevit
208 1986 254 2042 illa
263 1987 340 2043 divae
350 1986 457 2044 volitare
466 2005 534 2062 vaga
544 1989 650 2044 eohors:
829 2002 855 2045 25

53 2079 107 2133 quo
119 2078 166 2116 nos
177 2061 250 2116 deoet
258 2061 342 2117 citatis
352 2061 463 2117 aeleram
472 2063 606 2134 tripudiis.
615 2069 634 2094 ‘⁴

89 2135 177 2192 Simul
187 2136 253 2192 haee
261 2137 403 2192 vomitibus
412 2136 478 2210 Atys
488 2138 582 2192 eaninit
591 2137 670 2192 notha
684 2138 788 2204 mulier,

53 2211 155 2266 thiasus
165 2217 273 2282 repente
282 2210 382 2285 linguis
392 2211 584 2284 trepidantibus
594 2210 687 2275 ululat,

55 2283 109 2341 leve
118 2293 280 2360 tympanum
290 2286 414 2360 remugit,
425 2303 488 2341 sava
498 2284 620 2359 cymbala
630 2294 773 2356 recrepant.

55 2359 170 2415 Viridsm
179 2359 249 2414 nitus
259 2358 315 2414 adit
325 2359 397 2414 idam
407 2357 750 2431 properantepedeehorus.
829 2368 855 2410 aa

53 2433 209 2491 Furibunda
218 2433 299 2488 simul
309 2432 435 2489 anhelans
441 2451 508 2506 vaga
517 2432 590 2488 vadit
598 2433 701 2488 animae
708 2451 797 2508 egens,

52 2509 172 2567 comitata
182 2517 311 2583 tympano
322 2508 396 2580 Atys,
409 2507 543 2579 peropaca
554 2523 660 2562 nemora
669 2508 736 2574 dux,

52 2583 131 2641 veluti
143 2587 259 2640 iuvenca
269 2581 356 2637 vitans
365 2599 433 2638 onus
442 2581 570 2636 indomita
579 2582 646 2654 iugi.

51 2659 167 2732 llapidae
176 2657 274 2712 ducem
283 2665 431 2729 sequuntur
441 2654 531 2710 Gallae
540 2655 747 2727 properipedem.
