2030 3040
296 155 368 208 eie.
389 156 410 208 1.
440 152 556 206 etse.
578 153 614 206 x.
778 157 824 208 ies
899 139 902 144 '

72 261 150 330 Quid
160 263 182 314 si
194 278 245 316 non
255 269 322 316 esset
331 260 415 316 seeilis
425 261 473 316 tibi
485 259 577 332 oopie‘?
594 261 672 317 Nune
682 271 710 316 tu
855 275 879 315 15

113 337 226 391 insanus
235 337 321 391 medie
331 335 441 390 flumine
450 337 555 408 quaeris
564 352 671 406 equam.

73 410 198 466 Necdum
207 411 285 465 etiam
294 409 387 482 pelles,
400 427 463 466 veie
473 427 521 464 nee
530 411 645 482 ungeris
658 411 725 483 igni.

113 487 184 540 Haeo
192 491 231 538 est
239 485 344 540 venturi
352 485 439 556 prime
447 483 536 539 favilla
547 484 621 538 meli.

74 562 153 615 Tune
161 559 247 632 magis
257 559 395 614 Armenias
404 558 495 630 utpies
503 558 624 613 eeeedere
632 559 722 632 tigres

113 641 140 688 et
149 636 235 707 magis
243 631 360 688 infernae
368 633 475 688 vincula
483 650 561 689 nesse
569 641 648 698 rotae,
854 646 879 686 20

75 725 160 781 quam
170 709 246 778 pueri
256 708 330 763 toties
340 723 431 762 ereum
440 709 536 762 sentire
547 708 680 771 medullis,

114 789 139 838 et
148 781 216 836 nihil
227 783 306 838 iratae
314 795 392 854 pesse
401 797 496 856 negare
505 791 576 838 tuae,

76 857 176 914 Nullus
185 857 266 912 Amor
274 857 400 929 cuiquam
410 857 498 912 faciles
510 858 543 912 ite
553 859 674 929 praebuit
685 859 748 916 aies.

115 939 207 986 utnon
217 931 314 987 alterne
325 933 446 1004 presserit
457 931 501 987 ille
509 949 602 988 manu.

77 1005 295 1078 Neetedeeipiat‚
306 1007 379 1078 qued
388 1007 423 1061 sit
431 1008 494 1062 setis
504 1006 549 1062 itta
559 1016 661 1080 parete:
854 1019 879 1061 25

115 1081 202 1135 uerius
211 1080 256 1136 ille
265 1082 346 1146 subit,
358 1081 471 1146 Pontice,
484 1083 506 1136 ei
516 1099 570 1154 que
579 1089 623 1137 tue
632 1093 680 1137 est.

76 1154 182 1228 Quippe
191 1155 238 1210 ubi
248 1171 300 1210 nen
312 1155 386 1210 lioeet
394 1173 491 1211 vacuos
502 1157 625 1211 sedueere
633 1158 736 1222 ocellos,

115 1246 164 1286 nee
174 1229 282 1303 vigilare
292 1229 343 1283 eliu
353 1230 467 1294 nemine,
478 1231 552 1284 eedet
560 1231 658 1286 Amori

77 1305 189 1377 quinon
200 1310 259 1358 ente
268 1309 345 1374 petet,
356 1302 440 1358 denec
447 1319 545 1358 manus
554 1304 639 1376 attigit
647 1322 715 1359 ossa.

114 1378 244 1449 Quisquis
253 1393 290 1442 es,
304 1376 424 1431 assiduas
434 1377 467 1430 eh
477 1375 698 1450 iugeblanditias.
853 1390 879 1432 30

78 1453 134 1508 Illis
146 1461 172 1508 et
180 1452 266 1506 silices
276 1458 301 1506 et
309 1458 421 1522 possunt
429 1450 519 1506 eedere
527 1469 655 1522 quereus:

115 1527 214 1582 nedum
223 1535 253 1582 tu
262 1526 357 1597 possis,
370 1525 479 1597 spiritus
488 1526 537 1581 iste
546 1525 622 1581 levis.
654 1579 657 1582 Α

77 1601 172 1670 Quare,
187 1602 214 1655 ni
224 1601 310 1672 pudor
318 1608 366 1664 est,
378 1617 459 1671 quem
470 1600 591 1670 primum
596 1607 680 1655 erratu
691 1599 779 1655 fetere.

116 1676 216 1738 Dicere,
226 1691 282 1745 que
290 1691 389 1744 pereas,
401 1690 479 1744 saepe
487 1675 515 1728 iu
524 1691 611 1728 emere
622 1674 698 1728 levat.

340 1799 497 1844 neuen
527 1801 559 1843 Χ.

75 1884 108 1948 Ο
122 1891 236 1947 iucunde
246 1894 331 1964 quies,
343 1893 430 1966 prime
439 1909 524 1966 quum
534 1893 609 1948 testis
618 1894 701 1948 emori

116 1965 250 2022 adsueram
261 1967 354 2023 vestris
362 1970 483 2024 eonseius
493 1969 520 2022 in
530 1967 658 2023 leet-imis!

78 2043 211 2099 Onoetem
221 2042 374 2098 meminisse
382 2045 449 2098 mihi
461 2043 576 2099 ineunda
588 2042 718 2114 voluptas,

114 2134 131 2172 ο
140 2118 241 2188 quoties
252 2120 320 2175 votis
329 2118 375 2174 itta
384 2119 501 2175 vocanda
510 2119 586 2182 meis,

77 2191 340 2265 quumteoomplexe
348 2195 512 2256 morientem,
523 2191 608 2256 Galle,
621 2192 709 2263 puelle
866 2205 877 2244 5

115 2264 241 2329 vidimus
253 2273 277 2319 et
286 2267 364 2341 longe
374 2267 468 2324 ducere
478 2267 558 2322 verbe
568 2283 651 2320 more.

78 2340 205 2407 Quemvis
215 2339 330 2396 labentes
339 2347 468 2412 premeret
476 2341 543 2395 mihi
554 2357 663 2396 somnus
673 2339 775 2400 noetus,

114 2421 139 2469 et
147 2413 242 2469 mediis
251 2414 321 2470 eoelo
329 2416 404 2470 Luna
414 2415 518 2471 ruberet
527 2415 613 2486 equis,

79 2506 130 2544 neu
139 2496 250 2544 tamena
261 2499 345 2544 vestro
353 2491 426 2562 potui
436 2489 553 2545 seeedere
562 2488 636 2544 lusu:

115 2571 201 2619 tentus
210 2565 238 2618 in
248 2563 355 2619 alternis
365 2565 474 2620 vocibus
484 2564 561 2620 arder
572 2571 635 2619 eret.
851 2575 875 2616 to

79 2637 127 2692 Sed
138 2639 264 2711 queniam
274 2655 326 2695 nen
337 2657 365 2694 es
376 2641 473 2696 veritus
483 2639 635 2695 eonotedere
645 2640 730 2704 nobis,
