2030 3040
217 139 265 190 458
481 135 694 190 PROPERTll

450 349 655 392 ELEGIA
694 351 721 392 V.

215 455 319 526 lnvide,
331 472 361 517 tu
372 462 475 517 tandem
487 479 562 518 voees
572 479 706 534 oompesoe
716 465 846 530 molestas,

250 545 276 592 et
285 539 342 592 sine
352 555 400 592 nos
410 554 499 602 cursu,
512 554 678 608 quesumus,
691 537 728 592 ire
737 555 821 608 pares.

214 611 285 677 Quid
297 612 344 666 tibi
356 613 405 676 vis,
417 611 526 666 insane?
544 629 615 666 meos
626 611 721 666 sentire
731 611 846 668 furores?

252 684 354 748 Infelix,
365 702 490 758 properas
500 684 592 738 ultima
605 702 681 739 nosse
690 686 768 751 mala,

159 771 170 813 5
212 769 237 814 et
247 761 327 814 miser
337 761 438 832 ignotus
451 759 561 831 vestigia
570 757 637 813 ferre
646 777 692 829 per
706 760 791 834 ignes,

249 843 274 888 et
283 834 373 887 bibere
382 851 396 887 e
406 840 456 887 teta
466 833 548 886 toxica
561 833 705 888 Thessalia.

212 909 270 962 Non
280 914 320 962 est
330 906 373 962 illa
386 907 458 980 vagis
468 907 564 960 similis
574 907 665 962 oollata
674 908 781 978 puellis:

249 980 361 1036 molliter
370 981 444 1035 irasci
457 998 507 1035 non
519 981 582 1037 sciet
592 981 636 1036 illa
649 983 707 1037 tibi.

212 1055 287 1122 Quod
297 1055 320 1108 si
331 1053 394 1110 forte
403 1056 456 1110 tuis
467 1073 519 1110 non
529 1065 568 1110 est
577 1058 703 1111 oontraria
714 1060 789 1121 votis,

158 1143 183 1182 tu
251 1139 277 1184 at
287 1130 334 1184 tibi
345 1147 468 1184 curarum
479 1131 561 1186 millia
572 1139 671 1203 quanta
681 1131 767 1186 dabit!

211 1206 269 1259 Non
280 1205 327 1259 tibi
338 1205 390 1258 iam
400 1222 516 1270 somnos,
529 1223 581 1260 non
593 1206 636 1260 illa
647 1205 778 1278 relinquet
789 1207 897 1261 ocellos:

249 1279 292 1333 illa
302 1278 370 1334 leros
383 1280 479 1335 animis
488 1280 586 1353 adligat
596 1298 649 1334 una
660 1281 740 1335 viros.

211 1354 252 1408 Ah
263 1371 320 1408 mea
329 1362 474 1410 contemtus
484 1355 587 1426 quoties
597 1355 629 1409 ad
640 1354 732 1409 limina
741 1371 840 1419 curres,

248 1445 331 1500 quum
342 1429 391 1483 tibi
401 1429 520 1502 singultu
530 1429 605 1484 fortia
620 1430 698 1484 verba
708 1429 808 1494 cadent,

157 1514 181 1554 t5
211 1510 236 1556 et
245 1503 374 1558 tremulus
384 1505 489 1559 moestis
499 1505 596 1558 orietur
604 1501 708 1558 fletibus
722 1503 821 1568 horror,
879 1514 881 1518 '

247 1586 272 1632 et
282 1582 361 1632 timor
371 1577 509 1632 informem
519 1578 595 1632 duoet
606 1577 632 1630 in
642 1594 687 1632 ore
697 1584 798 1646 notam;

209 1661 235 1705 et
244 1669 418 1724 quaeeunque
430 1652 499 1708 voles
507 1650 609 1725 fugient
619 1652 667 1706 tibi
678 1651 756 1706 verba
766 1656 895 1723 querenti,
988 1676 991 1680 ¹

247 1744 295 1781 neo
303 1728 408 1798 poteris,
420 1728 466 1798 qui
478 1728 516 1780 sis
524 1734 569 1781 aut
579 1726 635 1791 ubi,
648 1743 725 1781 nosse
735 1727 823 1780 miser.

210 1803 278 1856 Tum
287 1819 368 1875 grave
378 1802 514 1856 servitium
527 1807 629 1855 nostrae
638 1817 729 1872 eogere
740 1797 842 1868 puellae

154 1887 180 1929 20
246 1876 353 1938 discere,
366 1883 390 1929 et
401 1874 538 1928 exclusum
549 1872 615 1943 quid
624 1873 659 1925 sit
668 1873 740 1925 abire
752 1872 874 1924 domum:

209 1952 318 2005 neniam
328 1948 452 2019 pallorem
467 1947 540 2000 toties
551 1944 679 1997 mirabere
691 1951 819 2007 nostrum,

245 2031 290 2078 aut
299 2022 406 2076 cursim
416 2028 467 2073 toto
476 2035 581 2088 eorpore
591 2015 683 2071 nullus
692 2033 750 2089 ego.

208 2101 261 2152 Nec
269 2096 319 2150 tibi
330 2093 451 2148 nobilitas
461 2092 554 2162 poterit
563 2107 715 2146 succurrere
726 2091 838 2147 amanti:

245 2169 326 2224 nascit
336 2168 416 2221 Amor
426 2166 519 2238 priscis
528 2164 617 2219 sedere
627 2165 800 2240 imaginibus.

153 2259 178 2300 25
207 2242 283 2312 Quod
293 2243 315 2296 si
325 2259 407 2314 parva
416 2249 476 2296 tuae
485 2240 588 2295 dederis
598 2240 710 2314 vestigia
719 2241 820 2313 eulpae,

244 2334 326 2390 quam
335 2317 386 2372 cito
393 2316 426 2371 de
436 2323 505 2372 tanto
516 2316 622 2371 nornine
631 2334 722 2372 rumor
735 2318 799 2372 eris!

208 2396 264 2450 Non
275 2409 323 2466 ego
334 2401 390 2447 tum
401 2401 489 2464 potero
498 2391 588 2447 solatia
598 2389 665 2448 letre
674 2393 785 2466 roganti,

244 2485 330 2540 quum
340 2469 406 2522 mihi
419 2467 491 2523 nulla
502 2467 554 2522 mei
564 2467 599 2520 sit
608 2467 737 2522 medicina
748 2465 824 2522 mali:

207 2543 254 2599 setl
263 2543 360 2615 pariter
369 2543 459 2598 miseri
470 2543 539 2598 socio
596 2559 769 2598 emuramore

129 2629 178 2687 ι3ο
246 2618 567 2674 alterinalteriusmutua
596 2634 639 2673 ere
649 2618 721 2672 sinu.
