2020 3036
254 198 465 256 cluntnult
482 199 609 255 LIBER.
770 199 803 252 te

64 322 110 360 nec
118 307 211 362 missas
223 307 315 362 audire
324 313 425 379 queunt
435 325 483 362 nec
490 306 598 362 reddere
607 304 701 362 voces?

63 378 108 435 lllo
116 388 200 436 autem
210 399 291 454 prope
301 382 354 436 iam
364 382 459 454 mediis
470 389 589 438 versatur
598 381 626 436 in
635 380 725 446 undis,

63 471 108 508 nec
116 456 259 527 quisquam
269 462 375 527 apparet
384 473 467 510 vacua
477 455 594 510 mortalis
603 455 631 509 in
642 453 710 528 elga.

64 527 104 582 Sic
113 530 192 584 nimis
202 529 333 584 insultans
343 537 460 584 extremo
469 537 585 600 tempore
593 545 670 584 sueva

63 602 123 657 Fors
133 605 210 658 etiam
219 604 317 658 nostris
326 604 422 659 invidit
431 604 572 676 questibus
582 620 668 658 aures.
820 611 858 654 111

63 677 174 748 luppiter
182 679 357 748 omnipotens,
369 679 471 733 utinam
481 696 515 733 ne
524 686 640 749 tempore
649 677 735 749 primo

64 749 156 806 Gnosia
166 751 305 823 Cecropiae
314 753 459 825 tetigissent
469 752 542 808 litore
556 767 672 824 puppes:

63 824 185 880 indomito
194 844 243 882 nec
252 826 310 880 dira
320 825 405 881 ferens
415 827 544 898 stipendia
554 835 629 881 tauro

63 899 174 967 perfidus
183 901 211 956 in
221 901 326 956 Cretam
336 899 470 973 religasset
479 901 567 956 navita
577 899 682 955 funem:

64 989 108 1027 nec
116 974 200 1029 melus
210 975 264 1040 hic,
276 973 363 1028 celans
373 973 445 1029 dulci
454 975 569 1030 crudelia
580 973 663 1029 lcrnra
821 983 858 1024 111

64 1048 174 1114 consilia,
186 1049 215 1103 in
225 1049 322 1103 nostris
332 1049 475 1120 requiesset
483 1050 592 1104 sedibus
602 1049 710 1120 hospcsl

64 1120 382 1194 Namquomereleram‘l
400 1123 473 1196 quali
483 1141 530 1195 spe
540 1123 640 1195 perdite
649 1120 736 1178 niter?

64 1194 180 1252 Idaeosne
189 1205 278 1270 petam
289 1196 408 1252 montes?
425 1205 451 1252 at
459 1199 564 1274 gurgite
575 1197 625 1252 lato

65 1267 207 1326 discernens
216 1271 292 1344 ponti
303 1271 480 1326 truculentum
491 1271 587 1326 dividit
597 1287 705 1342 aequor.

64 1341 102 1398 An
111 1347 190 1416 patris
200 1345 333 1401 auxilium
344 1345 465 1416 sperem?
483 1361 599 1416 quamne
608 1345 666 1416 ipsa
675 1343 782 1415 reliqui,
821 1354 859 1396 tso

64 1434 205 1489 respersum
217 1421 342 1475 iuvenem
352 1419 463 1474 fraterna
473 1419 551 1474 caede
560 1417 667 1472 secuta?

65 1489 185 1566 Coniugis
195 1513 229 1548 an
241 1491 294 1548 fido
303 1493 420 1548 consoler
430 1501 527 1548 memet
536 1491 641 1548 amors?

66 1567 142 1635 quine
150 1567 227 1641 fugit,
241 1567 324 1623 lentos
334 1568 476 1624 incurvans
484 1568 590 1641 gurgite
598 1565 702 1622 remos‘l

66 1639 190 1697 Praeterea
200 1641 276 1698 nullo
288 1641 360 1706 litus,
373 1643 447 1698 nullo
457 1643 544 1697 insule
555 1649 633 1698 tecto:

66 1729 110 1768 neo
118 1723 184 1786 patet
192 1733 324 1790 egressus,
337 1715 423 1788 pelagi
432 1717 600 1789 cingentibus
611 1715 703 1770 undis.
823 1725 861 1767 181

65 1787 139 1844 Nulla
148 1789 227 1864 fugae
236 1790 310 1855 ratio,
322 1789 396 1845 nulla
405 1807 479 1860 pes:
500 1790 589 1844 omnia
599 1795 681 1853 muts,

66 1863 150 1918 omnia
159 1872 222 1918 sunt
232 1864 341 1928 deserte,
353 1871 482 1919 ostentent
491 1864 579 1919 omnia
590 1861 681 1917 letum.

65 1935 120 1990 Non
131 1945 215 1992 tamen
226 1945 285 1993 ante
294 1937 361 1993 mihi
372 1937 541 2012 languescent
550 1937 653 1992 lumina
661 1944 752 2001 morte,

66 2026 110 2064 nec
118 2011 296 2082 priusalesso
306 2012 425 2068 secedent
434 2029 539 2084 corpore
548 2029 652 2076 sensus,

66 2099 140 2154 quam
151 2085 353 2141 iustemadirris
362 2103 501 2158 exposcam
510 2086 612 2160 prodite
621 2084 743 2148 multem,
822 2093 861 2136 teo

66 2158 255 2232 coelestumque
264 2159 344 2214 fidem
353 2167 482 2231 postrema
493 2177 640 2230 comprecer
648 2160 723 2213 hora.

67 2230 156 2299 Quare,
168 2234 235 2288 lacta
245 2234 334 2290 virum
345 2234 486 2289 multantes
496 2234 602 2290 vindice
611 2250 694 2304 poena

65 2303 231 2372 Eumenides,
244 2308 345 2380 quibus
354 2308 472 2381 anguino
480 2307 601 2361 redimite
611 2305 705 2377 capillo

66 2377 133 2435 frons
142 2383 301 2453 exspirantis
310 2389 456 2453 praeportat
464 2382 574 2452 pectoris
585 2380 646 2445 iras,

66 2451 178 2510 huchue
187 2455 332 2518 adventante,
345 2471 417 2510 meas
427 2456 514 2511 audite
524 2453 657 2527 querelas3
824 2461 862 2504 111

67 2543 129 2598 quas
139 2547 197 2603 ego,
210 2530 389 2585 vaemiserael
411 2529 534 2585 extremis
544 2527 657 2600 prolerre
666 2526 791 2583 medullis

67 2617 140 2674 cogor
150 2604 237 2674 inops,
249 2603 353 2667 ardens,
366 2605 462 2658 amenti
473 2621 547 2660 caeca
558 2603 653 2658 lurore.

68 2673 136 2742 Quae
145 2678 274 2751 quoniam
284 2694 361 2734 verae
371 2686 514 2734 nasormtur
523 2684 624 2749 pectore
636 2677 668 2730 eb
679 2677 741 2738 imo,
