2030 3036
239 167 269 218 l8
501 163 671 219 CATULLI

415 301 503 344 XXV.
533 303 581 346 An
611 303 801 348 THALLUM.

273 368 394 434 Cinaede
403 375 503 442 Thalle,
518 377 622 434 mollior
633 377 751 433 cuniculi
763 379 867 451 capillo,

235 452 277 507 vel
290 451 391 507 anseris
403 451 558 518 medullula,
575 452 615 507 vel
628 451 712 507 imula
723 452 834 518 oricilla,

238 526 278 582 vel
290 543 357 598 pene
369 525 496 600 languide
508 527 588 592 senis,
603 527 710 599 situque
722 545 859 582 araneoso:

236 601 361 673 idemque
372 601 473 666 Thalle,
488 601 594 656 turbida
606 602 724 674 rapaoior
734 602 856 674 procella,

235 693 321 748 quum
333 675 395 731 diva
408 675 505 731 mulier
518 675 593 730 alites
606 675 719 730 ostendit
731 678 882 731 oscitantes:

236 751 337 806 remitte
348 749 461 822 pellium
474 749 542 803 mihi
554 766 653 814 meum,
667 749 740 821 quod
754 750 886 813 involasti,

234 825 427 896 sudariumque
439 823 589 887 Saetabum,
606 824 831 897 catagraphosque
841 825 962 897 Τὴγηοε,

235 900 329 971 inepte,
344 916 412 972 quae
424 897 511 970 palam
523 897 591 952 soles
604 898 708 964 habere,
723 907 849 972 tanquam
862 899 941 955 avita.

234 975 307 1042 Quae
319 991 392 1029 nune
404 974 457 1027 tuis
469 973 503 1027 ab
516 973 652 1046 unguibus
665 971 795 1047 reglutina
808 982 833 1028 et
844 976 963 1043 remitte,

181 1062 206 1104 tt
236 1066 269 1104 ne
282 1048 388 1104 laneum
401 1045 562 1103 latusculum
575 1048 697 1120 natisque
709 1046 861 1104 mollicellas

234 1124 321 1179 inuisa
334 1123 443 1194 turpiter
454 1122 503 1178 tibi
515 1120 618 1196 flagella
629 1122 832 1186 oonsnribillent,

234 1209 259 1252 et
271 1196 413 1253 insolenter
425 1207 536 1262 aestues,
551 1196 624 1252 velut
636 1198 738 1252 minuta
751 1213 847 1269 magno

234 1273 362 1345 deprensa
376 1273 452 1328 navis
465 1271 493 1326 in
506 1272 583 1337 mari,
599 1273 749 1327 vesaniente
761 1278 848 1324 vento.

401 1400 502 1444 XXVI.
537 1402 583 1444 AD
614 1399 764 1442 FURIUM.

314 1486 391 1556 Furi,
407 1490 501 1546 villula
515 1497 601 1544 nostre
615 1506 667 1544 uon
681 1487 714 1543 ad
726 1487 815 1542 Austri

272 1567 348 1622 llatus
359 1565 477 1636 opposita
490 1571 537 1627 est,
553 1580 601 1616 neo
613 1561 647 1615 ad
658 1562 768 1616 Favoni.

273 1657 320 1696 neo
331 1639 403 1694 saevi
415 1639 518 1701 Boreae,
533 1643 578 1691 aut
588 1633 733 1706 Apeliotae3

273 1731 365 1770 verum
377 1712 411 1768 ad
424 1710 507 1766 millia
520 1710 673 1782 quindecim
683 1718 708 1764 et
719 1709 855 1764 dueentos.

180 1805 191 1844 e
270 1789 292 1844 0
306 1794 414 1843 ventum
428 1785 581 1841 horribilem
595 1793 674 1858 atque
687 1783 864 1856 pestilentem!

264 1910 383 1954 xxvii.
409 1911 454 1951 ¹ll)
479 1905 768 1951 Pucruua'rottttrt
792 1904 956 1949 punitum.

306 1992 433 2057 Minister
447 1997 527 2053 vetuli
541 2013 606 2068 puer
619 1993 732 2058 Falerni,

274 2081 347 2150 inger
360 2079 396 2130 ml
410 2072 503 2128 oalioes
516 2071 665 2134 amariores,

271 2161 301 2206 ut
313 2150 356 2206 lex
370 2148 517 2204 Postumiae
529 2145 602 2200 iubet
614 2143 762 2216 magistrae,

271 2226 372 2282 ebriosa
385 2222 460 2279 aeine
472 2219 631 2276 ebriosioris.
724 2267 735 2288 ,

271 2301 306 2358 tr
318 2317 373 2365 vos,
388 2315 442 2372 quo
455 2295 536 2361 lubet,
552 2295 615 2350 hine
628 2293 705 2350 abite.
722 2289 854 2366 lymphae,

271 2376 328 2432 vini
340 2373 478 2448 pernicies,
493 2379 517 2428 et
529 2370 563 2426 ad
575 2385 680 2424 severos

271 2452 396 2525 migrate:
411 2448 455 2502 hie
467 2465 556 2502 merus
568 2452 608 2500 est
620 2423 802 2518 Thwniluus.

235 2572 377 2618 XXVIII.
398 2572 444 2616 AD
462 2567 686 2614 VERANNIUM
706 2565 753 2608 ET
769 2557 985 2606 FABULLUM.

312 2639 419 2703 Pisonis
432 2647 549 2709 comites,
564 2642 656 2699 oehors
671 2639 767 2698 inanis,
