2030 3040
225 163 297 216 LlB.
317 164 339 217 l.
368 163 483 220 ELEG.
503 163 587 220 XIX.
608 161 675 220 XX.
774 165 821 219 tre

71 271 127 327 Sed
137 268 332 343 qualiscunque
340 287 377 336 es,
388 279 508 327 resonent
518 273 585 327 mihi
598 272 708 342 Cynthia
718 271 810 338 silvae,

111 362 162 400 nee
171 344 270 399 deserta
281 351 326 399 tuo
335 345 442 401 nomine
451 363 515 402 saxa
527 354 629 402 vacent.

313 459 474 503 ELEGIA
503 459 572 504 XIX

72 525 141 590 Non
151 551 201 607 ego
209 550 282 588 nunc
290 533 377 588 tristes
385 551 485 599 vereor,
496 552 554 589 mea
564 534 687 608 Cynthia,
702 538 800 602 Manes,

112 625 161 664 nee
170 625 258 663 moror
266 614 382 663 extremo
391 607 477 662 debita
487 607 538 663 lata
547 626 623 682 rogo:

73 683 131 748 sed,
145 700 178 738 ne
187 681 251 738 lorte
259 689 304 738 tuo
314 689 398 736 eareat
406 683 474 737 mihi
484 681 566 738 lucus
576 701 672 748 amore,

113 758 158 812 hic
167 758 246 811 timor
254 764 294 811 est
304 756 369 827 ipsis
379 756 470 812 durior
478 758 622 830 exsequiis.

74 833 135 888 Non
144 831 208 887 adeo
219 831 309 887 leviter
318 831 414 885 nostris
423 849 490 904 puer
498 832 582 887 haesit
592 830 690 898 ocellis,
866 845 876 884 s

112 913 144 962 ut
151 923 227 961 meus
237 904 318 962 oblito
327 905 417 977 pulvis
427 924 515 962 amore
524 914 606 962 vacet.

74 980 134 1037 lllie
143 979 299 1055 Phylacides
310 979 440 1036 iucundae
450 981 571 1056 coniugis
579 982 657 1036 heros

113 1072 166 1111 noa
176 1055 261 1127 potuit
270 1055 353 1110 caeeis
363 1056 501 1112 immemor
511 1073 568 1112 esse
578 1056 654 1112 locis:

74 1129 123 1185 scd
132 1130 246 1202 cupidus
255 1128 329 1185 falsis
339 1130 465 1203 attingere
472 1130 570 1204 gaudia
579 1130 675 1202 palmis

114 1203 247 1260 Thessalis
257 1204 394 1275 antiquam
403 1212 509 1260 venerat
519 1205 614 1259 umbra
623 1203 743 1259 domum.

75 1279 142 1344 Illic,
153 1277 288 1352 quidquid
297 1293 350 1342 ere,
362 1295 465 1348 semper
477 1286 522 1332 tua
534 1277 606 1332 dicar
614 1279 711 1351 imago,

113 1353 208 1407 traiicit
216 1359 242 1406 et
250 1350 295 1406 lati
306 1350 381 1405 litora
389 1368 504 1424 magnus
513 1368 597 1406 amor.

75 1428 134 1484 lllie
142 1425 270 1482 formosae
279 1424 387 1480 veniant
395 1424 491 1479 chorus
501 1424 633 1488 heroicae,

114 1519 182 1575 quas
192 1500 264 1556 dedit
272 1498 380 1573 Argivis
389 1497 509 1554 Dardana
517 1497 614 1571 praede
624 1497 702 1554 viris:

77 1594 192 1650 quarum
202 1573 276 1630 nulla
286 1581 331 1629 tua
341 1572 420 1628 fuerit
429 1573 505 1638 mihi,
517 1573 641 1648 Cynthia,
654 1570 739 1628 forma

114 1650 226 1724 gratior:
247 1657 273 1704 et
282 1647 372 1703 Tellus
381 1647 432 1702 hoe
441 1648 475 1702 ita
487 1648 555 1702 iuste
564 1647 643 1704 sinat.

77 1724 206 1792 Quamvis
217 1730 241 1777 te
250 1722 344 1794 longae
352 1729 516 1776 remorentur
525 1722 576 1776 lata
585 1727 711 1784 senectae„

115 1815 175 1852 cera
183 1804 270 1851 umen
280 1794 397 1850 lacrimis
406 1811 466 1850 osse
474 1794 563 1850 lutura
572 1795 639 1851 tuis:

78 1879 185 1946 questu
196 1870 257 1926 viva
268 1887 325 1926 mea
334 1869 421 1941 possis
430 1870 526 1925 sentire
536 1868 639 1926 favillal

116 1947 185 2002 Tum
194 1945 262 2000 mihi
271 1962 324 2001 non
334 1943 390 2000 ullo
399 1961 470 2000 mors
479 1945 515 2000 sit
524 1963 612 2002 amara
622 1942 687 2000 loco.

78 2020 164 2089 Quam
173 2038 272 2086 vereor,
285 2037 318 2075 ne
328 2027 352 2074 te
361 2027 499 2086 mutemto,
511 2019 634 2096 Cynthia,
646 2019 724 2074 busto

115 2096 270 2152 abstrahata
280 2102 368 2150 nestro
377 2094 487 2168 pulvera
496 2095 606 2169 iniquus
616 2093 710 2162 Amen

78 2178 153 2246 cogat
161 2178 187 2224 et
196 2170 306 2226 invitam
317 2169 439 2225 lacrimas
449 2171 546 2225 siccare
558 2169 692 2224 cadentes!

115 2244 240 2300 Flectitur
250 2242 364 2298 assiduis
374 2252 442 2298 certa
452 2244 539 2317 puella
549 2242 640 2298 minis.

80 2319 173 2388 Quare,
185 2318 251 2373 dum
262 2317 329 2383 lieet,
342 2315 410 2372 inter
419 2335 468 2372 nos
478 2317 605 2372 laetemur
615 2323 744 2371 cruentes:

117 2412 170 2450 non
180 2394 243 2448 satis
252 2398 292 2448 est
300 2389 356 2450 ullo
366 2399 480 2464 tempore
489 2391 585 2466 longus
595 2407 678 2446 amer.

323 2506 484 2550 sescla
512 2505 575 2550 XX.

81 2573 143 2638 Hoc
151 2599 199 2658 pro
208 2581 375 2646 macanos,
388 2579 472 2647 Galle,
484 2597 623 2636 monemus
632 2597 729 2648 amore,

120 2656 146 2712 id
157 2657 203 2713 tibi
213 2674 247 2714 ne
258 2673 342 2713 vacuo
349 2653 447 2712 defluat
455 2673 489 2711 ex
498 2657 599 2714 animo:
