2040 3030
209 141 259 192 220
398 137 610 194 PROPERTll
638 140 711 195 LlB.
731 141 770 196 ll.

246 245 310 298 huic¹
322 243 507 318 lioetingralaa
517 246 626 320 Tityrus
636 246 693 316 ipsa
702 256 788 303 canat.
865 295 875 312 .

208 317 293 382 Felix,
307 319 433 373 intactum
444 320 566 406 Calydon
574 320 623 392 qui
634 328 715 375 tentat
723 321 819 378 Alexin

248 392 376 465 agrinolae
385 393 486 448 domina
496 411 601 466 carpere
610 392 732 448 deliciasl

155 478 181 520 75
210 465 340 533 Quamvis
351 468 395 522 illa
404 486 452 523 sua
464 468 550 523 lassus
560 467 706 539 requieseat
716 486 811 524 avana:

248 541 369 597 laudatur
379 542 467 596 laoilas
478 544 545 598 inter
554 541 761 616 Hamadryadas.

210 616 249 670 Tu
260 616 333 670 oanis
343 617 447 672 Ascraei
460 617 553 671 veteris
563 624 697 688 praesepta
708 626 805 687 poetae,
928 618 947 648 ⁹

247 705 302 761 quo
313 708 387 764 seges
398 691 425 746 in
435 707 537 762 eampo,
552 707 607 762 quo
618 691 683 745 viret
692 709 744 746 uva
759 693 831 765 iugo.

210 764 271 818 Tale
281 763 345 820 lacis
354 783 458 820 carmen
469 765 543 820 docta
553 764 692 829 testudine,
705 766 783 837 quala

155 851 181 892 80
248 837 380 912 Cynthius
390 839 520 910 impositis
531 847 656 910 temperat
664 840 791 895 artioulis.

210 914 268 968 Non
278 920 365 967 tamen
375 915 439 968 haee
448 912 498 967 ulli
510 914 617 968 venient
626 913 727 986 ingrata
738 913 843 988 legenti,

247 987 304 1040 siva
314 987 342 1041 in
352 1004 440 1042 amore
450 988 533 1053 rudis,
547 987 604 1042 siva
613 989 712 1058 peritus
721 989 779 1042 erit.

209 1063 262 1116 Nec
271 1060 358 1116 minor
367 1061 410 1114 his
420 1061 526 1126 animis,
539 1079 587 1116 nec
596 1079 624 1115 se
634 1063 722 1116 minor
731 1080 774 1117 ore
784 1079 898 1118 canorus

246 1135 346 1190 anseris
357 1135 459 1190 indocto
469 1137 585 1193 carmina
594 1137 672 1190 aessit
684 1136 749 1192 olor.

155 1223 180 1264 85
209 1211 277 1266 llaec
285 1227 393 1282 quoque
401 1209 513 1282 perfeeto
523 1211 629 1266 ludebat
639 1212 730 1267 lasona
742 1211 830 1276 Varro,

246 1286 327 1340 Varro
337 1285 481 1341 Leucadiae
490 1285 607 1341 maxima
617 1284 723 1340 flamma
733 1301 805 1340 suaa.

208 1361 277 1414 Haeo
285 1377 394 1433 quoque
402 1359 494 1416 lascivi
504 1367 642 1416 oantarunt
651 1361 746 1430 scripta
757 1359 863 1424 Catulli,

246 1434 339 1489 Lesbia
350 1435 425 1506 queis
436 1435 492 1507 ipsa
503 1435 587 1489 notior
596 1442 635 1487 est
645 1433 751 1488 Helena.

208 1509 276 1564 llaec
284 1510 363 1564 stiam
372 1509 439 1564 docti
450 1507 566 1563 oonfassa
575 1515 615 1561 est
622 1508 719 1580 pagina
730 1506 813 1571 Calvi,

153 1595 179 1636 ao
246 1601 332 1655 quum
341 1590 444 1637 sanaret
453 1583 564 1637 miserae
572 1581 665 1636 lunera
673 1581 826 1647 Quintiliae.

208 1659 242 1713 Et
251 1657 329 1712 modo
339 1656 452 1712 formosa
460 1673 543 1728 quam
556 1655 639 1711 multa
650 1656 777 1729 Lyaorida
787 1656 881 1712 Gallus

245 1740 365 1787 mortuus
375 1731 477 1786 inferna
487 1731 597 1786 vulnera
607 1729 671 1784 lavit
680 1732 762 1800 aqual

208 1805 321 1881 Cynthia
331 1806 398 1876 quin
408 1805 486 1860 etiam
497 1821 574 1860 versu
588 1803 692 1858 laudata
703 1805 828 1874 Properti,

244 1881 292 1934 hos
303 1880 369 1933 inter
379 1879 402 1931 si
412 1895 454 1931 me
462 1893 559 1946 ponera
567 1877 648 1930 Fama
659 1873 736 1928 volet.
