2030 3036
196 154 226 203 ⁴0

479 146 649 204 CATULLl

233 255 318 310 ultimi
333 253 389 318 llos,
405 263 585 325 praetereunte
596 265 736 330 postquam

325 337 409 384 aetus
422 338 506 384 aratm
518 341 566 386 est.

404 443 469 488 XII.
493 445 539 490 AD
561 443 727 489 ASINIUM.

268 509 426 574 Marrucine
437 518 522 586 Asini,
538 537 619 575 manu
633 520 737 576 sinistra

232 611 285 648 non
298 591 365 648 belle
378 593 460 648 uteris
473 595 501 648 in
515 595 571 650 icco
583 602 662 665 atque
677 595 753 650 vinu:

231 667 300 723 tollis
314 667 393 722 lintea
408 667 638 742 negligentiarum.

231 745 285 797 Hoc
297 741 397 797 salsum
410 759 467 796 esse
478 741 574 814 putas?
592 742 673 814 Fugit
685 749 719 806 te,
735 743 833 812 inepte:

229 817 355 890 quamvis
368 815 473 872 sordida
486 833 527 870 res
539 823 564 869 et
578 815 716 870 invenusta
729 823 776 870 est.

231 893 289 945 Non
303 890 388 944 credis
400 888 486 943 mihil
505 889 581 943 erede
593 887 702 943 Pollioni

231 965 313 1029 fratri,
328 966 376 1036 qui
389 971 434 1018 tua
446 963 516 1018 furta
529 963 570 1018 vel
584 962 680 1017 talento

231 1038 328 1094 mutari
341 1037 416 1093 velit:
438 1046 477 1092 est
489 1038 561 1094 enim
574 1037 693 1110 leporum

230 1114 344 1168 disertus
357 1129 424 1184 puer
435 1120 461 1167 et
473 1111 634 1168 facetiarum.

231 1187 317 1254 Quare
330 1195 375 1241 aut
387 1185 620 1274 hendecasyllabos
632 1195 757 1242 trecentos

231 1269 360 1334 exspecta,
376 1269 421 1316 aut
433 1261 501 1317 mihi
514 1261 626 1318 linteum
640 1263 754 1330 remitte3

231 1337 303 1410 quod
316 1354 359 1392 me
371 1354 425 1392 non
438 1347 526 1394 movet
538 1339 726 1402 aestimatione,

232 1429 326 1468 verum
338 1419 378 1466 cst
388 1413 558 1486 μνημόσυνον
572 1413 625 1468 mei
637 1412 744 1468 sodalis,

231 1489 299 1542 Nam
312 1487 418 1542 sudaria
431 1487 539 1543 Saetaba
552 1505 584 1546 ex
598 1486 679 1542 Iberis

230 1562 360 1616 miserunt
372 1561 439 1615 mibi
452 1562 557 1615 muneri
569 1559 697 1614 Fabullus

231 1643 257 1690 et
269 1636 431 1691 verannius:
452 1635 516 1690 haec
528 1651 615 1688 amem
629 1647 734 1687 necesse
746 1637 793 1694 est,

232 1718 262 1765 ut
274 1709 462 1766 Verenniolum
475 1725 565 1764 meum
580 1716 605 1762 et
618 1704 772 1762 Fabullum.

361 1811 455 1864 'xrrn
481 1821 526 1864 nn
548 1819 758 1863 rnununuu.

219 1933 223 1938 -
272 1886 406 1950 Coenabis
419 1895 494 1958 bene,
510 1894 548 1947 mi
560 1891 679 1957 Fabulle,
695 1893 766 1965 apud
778 1910 821 1948 me

231 1970 333 2042 paucis,
349 1969 373 2023 si
387 1968 434 2022 tibi
447 1968 485 2022 dii
498 1967 595 2033 lavent,
609 1967 714 2032 diebus,

232 2046 255 2099 si
269 2052 356 2098 tecum
369 2041 486 2097 attuleris
498 2042 595 2097 bonam
608 2049 687 2115 atque
700 2059 824 2116 magnam

232 2135 350 2181 coenam,
366 2133 419 2170 non
432 2117 490 2171 sine
501 2117 613 2173 candida
625 2117 723 2190 puella,

231 2201 256 2247 et
268 2193 341 2256 vino,
356 2199 381 2245 et
393 2190 455 2257 sale,
470 2199 496 2246 et
506 2193 632 2248 omnibus
644 2193 791 2248 cachinnis.

233 2268 301 2321 llaec
312 2266 345 2330 si,
361 2267 480 2337 inquam,
496 2266 622 2331 attuleris,
638 2275 748 2323 venusta
761 2274 856 2330 noster,

233 2341 355 2397 coenabis
368 2341 448 2396 bene:
470 2359 532 2396 narn
544 2343 584 2397 tui
597 2341 693 2398 Catulli

233 2416 330 2490 plenus
343 2416 465 2472 sacculus
477 2425 516 2472 est
528 2433 693 2472 aranearum.

233 2491 285 2549 Sed
297 2500 385 2548 contra
398 2494 508 2565 accipies
521 2509 606 2547 meros
619 2507 730 2552 amores,

143 2613 148 2622 .
234 2586 281 2624 seu
294 2568 362 2642 quid
374 2569 484 2625 suavius
496 2566 674 2640 elegantiusve
686 2572 734 2618 est.

234 2646 302 2700 Nam
315 2651 483 2718 unguentum
496 2641 574 2706 dabo,
589 2639 662 2712 quod
675 2655 747 2694 meae
758 2638 862 2709 puellae
