2020 3036
265 161 476 220 canumuu
515 166 641 220 arcun.
750 144 753 151 ’
795 169 826 220 ar

119 281 204 327 tecum
219 289 272 327 una
284 279 336 326 tota
346 280 385 326 est
398 281 486 326 nostra
498 272 600 344 sepulta
612 273 717 330 domus.

83 347 178 402 Omnia
196 354 283 400 tecum
296 364 349 401 una
362 347 497 418 perierunt
509 346 606 419 gaudia
620 356 715 412 nostra,

120 437 188 493 quae
200 427 262 476 tuus
275 421 303 475 in
317 424 371 475 vita
380 420 466 475 dulcis
479 420 564 475 alebat
575 438 657 476 amor.

82 496 166 552 Cuius
179 512 228 568 ego
240 495 348 549 interitu
361 501 411 549 tota
425 495 458 549 de
470 503 557 550 mente
569 494 661 568 fugavi
856 508 881 549 25

119 571 184 624 haee
195 568 292 634 studia,
303 577 382 641 atque
393 586 485 624 omnes
498 567 604 624 delicias
617 571 710 624 animi.

82 644 178 711 Quare,
193 643 266 715 quod
277 645 387 698 scribis:
403 644 519 699 Veronae
531 652 608 716 turpe
620 644 723 700 Catullo

119 735 185 783 esse,
200 717 273 789 quod
284 717 329 772 hie
340 718 465 790 quisquis
478 718 511 773 da
523 717 630 774 meliore
643 726 703 774 nota

80 791 177 878 frigida
190 791 291 847 deserto
304 791 426 863 tepefaxit
437 793 556 848 membra
569 793 664 862 mabili3

118 867 155 932 ld,
171 867 251 932 Mani,
266 884 319 921 non
332 874 371 921 est
379 874 468 939 turpe;
483 869 569 996 maqis
582 870 712 997 inlaesum·
722 878 770 923 est.
856 879 881 921 ao

538 951 615 998 uetus
628 961 642 998 a
661 950 732 1008 omit,

81 942 204 1014 lgnosoes
217 941 306 1014 igitur,
321 960 354 1006 sr,
366 959 435 1013 quae
447 943 515 996 mihi

119 1016 183 1070 haec
194 1016 243 1070 tibi
256 1032 309 1071 non
323 1015 411 1070 tribuo
424 1034 543 1082 munera,
558 1035 645 1090 quum
658 1035 769 1090 nequeo.

82 1091 148 1145 Nam
158 1089 230 1162 quod
239 1090 397 1161 scriptorum
406 1108 459 1146 non
469 1109 565 1164 magna
573 1094 691 1164 esteopie
697 1093 768 1163 apud
773 1109 823 1156 me,

118 1164 168 1219 hoo
181 1165 218 1230 fit,
232 1164 305 1236 quod
318 1166 415 1220 Romae
427 1166 560 1234 vivimus;
575 1166 621 1221 illa
634 1167 738 1233 domus,

81 1238 126 1294 illa
139 1239 206 1293 mihi
225 1239 309 1301 sedes,
325 1239 380 1294 illic
389 1257 447 1293 mea
460 1241 576 1311 carpitur
588 1248 671 1309 aetas3
855 1252 880 1294 35

118 1314 172 1368 huc
182 1331 238 1368 una
249 1330 283 1368 ex
296 1313 389 1368 multis
401 1314 509 1384 capsula
521 1331 564 1370 me
576 1316 706 1387 sequitur.

80 1387 157 1455 Quod
167 1405 252 1460 quum
262 1388 297 1443 ita
306 1387 439 1453 sit‚nolim
448 1396 554 1455 statuas,
562 1406 610 1444 nos
619 1391 825 1465 montemaligna

118 1461 146 1517 id
158 1461 249 1529 facere,
264 1470 309 1518 aut
321 1480 410 1519 animo
423 1463 549 1520 nonsatis
566 1465 691 1538 ingenuo,

80 1537 153 1609 quod
164 1537 213 1592 tibi
226 1555 278 1593 non
291 1539 431 1610 utriusque
442 1540 540 1610 petenti
552 1539 625 1611 copia
637 1537 702 1596 lacta
712 1549 759 1595 est.

118 1611 189 1668 Ultro
199 1628 247 1686 ego
259 1611 395 1676 deferrem,
410 1613 484 1684 copia
496 1615 519 1668 si
532 1632 586 1686 qua
598 1612 672 1669 leret.
854 1625 880 1669 to

79 1689 138 1742 Non
151 1703 261 1758 possum
274 1687 389 1751 reticere,
404 1686 476 1752 deae,
490 1706 573 1760 quam
585 1705 628 1743 me
638 1687 725 1744 Allius
738 1690 765 1744 in
780 1710 807 1744 re

116 1761 222 1826 iuverit,
237 1768 283 1815 aut
292 1762 401 1833 quantis
414 1762 511 1817 iuverit
522 1761 630 1817 officiis:

77 1853 126 1891 nec
138 1834 244 1909 fugiens
257 1835 350 1890 saeclis
362 1835 580 1892 obliviscentibus
592 1843 662 1891 aetas

115 1909 188 1964 illius
201 1909 251 1964 hoc
263 1926 339 1965 caeca
351 1919 425 1965 nocte
437 1917 506 1985 tegat
517 1910 646 1966 studium.

76 1983 327 2052 Seddicamvobis;
343 2001 390 2039 vos
399 1984 566 2056 porrodicite
577 1985 670 2040 multis
853 1995 878 2041 45

114 2058 245 2124 millibus,
260 2067 286 2114 et
297 2057 373 2114 facite
385 2060 449 2114 haec
461 2060 549 2115 charta
562 2060 685 2132 loquatur
698 2079 775 2116 anns.

114 2214 283 2280 notescatque
294 2209 381 2280 magis
392 2216 513 2263 mortuus
522 2216 601 2279 atque
610 2210 710 2280 magis3

76 2299 125 2337 nec
136 2289 244 2337 tenuem
257 2290 348 2336 texens
360 2280 485 2336 sublimis
495 2300 587 2337 aranee
601 2282 688 2346 telam,

113 2357 142 2411 in
155 2356 257 2412 deserto
269 2355 322 2411 Alli
333 2357 440 2412 nornine
451 2373 518 2427 opus
531 2354 616 2412 faciat.
853 2368 877 2408 sc

74 2431 228 2496 Nam‚mihi
241 2448 323 2502 quam
336 2429 436 2485 dederit
448 2429 547 2501 duplex
552 2429 707 2485 Amathusia
719 2448 821 2496 euram,

112 2506 196 2571 scitis,
211 2512 237 2559 et
249 2505 277 2559 in
290 2522 345 2577 quo
358 2522 401 2559 me
410 2506 536 2560 corruerit
547 2523 655 2578 genere3

73 2598 161 2653 quum
173 2587 277 2636 tanturn
290 2580 417 2643 arderem,
432 2587 561 2652 quantum
576 2579 707 2634 Trinacria
721 2598 800 2652 rupes

112 2655 278 2731 lymphaque
290 2654 318 2709 in
331 2653 433 2710 Oetaeis
446 2653 523 2711 ltalia
538 2653 730 2725 Thermopylis,

660 2746 711 2801 El
