2030 3040
168 127 214 178 uu
433 122 641 179 PROPERTII

203 232 330 303 supplicis
339 230 373 286 ah
384 229 476 304 longas
486 232 582 285 tristior
592 231 726 286 excubias.

112 319 137 360 15
169 306 215 361 Ille
223 323 295 360 meos
305 322 444 376 nunquam
453 307 552 376 patitur
562 307 723 378 requiaoara
736 315 830 377 postas,

203 387 295 452 arguta
305 379 418 437 referens
427 381 544 434 carmina
552 379 692 434 blanditia:

167 456 274 519 »lanua
290 453 331 509 vel
342 453 448 510 domina
458 455 563 526 penitus
573 453 703 510 crudelior
713 457 779 526 ipsa,

203 528 269 600 quid
279 529 346 582 mihi
357 536 410 583 tam
419 528 494 584 duris
504 528 592 584 clausa
602 537 670 584 taces
682 527 800 585 foribus‘?

167 604 221 658 Cur
231 620 369 674 nunquam
379 611 489 658 reserata
499 620 570 660 meos
581 603 698 658 admittis
706 621 815 668 amores,

112 690 137 731 2⁰
208 678 294 732 nescia
304 676 414 732 furtivas
424 675 531 732 raudera
540 685 609 732 mota
618 677 725 748 precas‘l

167 751 279 806 Nullane
289 751 350 806 finis
361 751 409 806 erit
420 759 507 806 nostro
516 767 637 807 concessa
646 751 748 807 dolori?

205 826 286 880 tristis
297 833 321 879 et
332 825 359 880 in
370 824 457 896 tepida
466 824 558 883 limine
570 842 680 882 somnus
688 825 754 882 erit‘?

167 901 208 955 Me
218 900 319 954 mediae
329 905 425 964 noctes,
436 916 480 954 me
489 899 575 956 sidera
584 917 666 970 prona
676 899 811 959 iaoentam.

204 972 353 1046 frigidaque
362 990 408 1028 aaa
418 990 461 1028 me
470 972 539 1028 dalet
548 991 611 1030 aura
623 974 696 1048 gelu.

113 1061 138 1102 25
169 1049 207 1102 Tu
219 1047 273 1102 sola
283 1048 414 1102 humanos
423 1065 563 1121 nunquam
572 1049 693 1104 miserata
703 1049 804 1106 dotores

205 1121 346 1192 raepoudes
356 1121 440 1180 tacitis
449 1132 541 1180 mutua
551 1123 714 1180 cardinibus.

168 1197 302 1252 Outinam
312 1197 416 1254 traiecta
425 1215 488 1254 aava
497 1216 556 1254 mea
565 1197 659 1256 vocula
669 1200 737 1256 rima

204 1287 341 1342 percussas
350 1271 473 1328 dominae
484 1280 564 1328 vertat
573 1274 599 1329 in
612 1273 756 1330 auriculas!

167 1346 206 1400 Sit
216 1345 273 1400 lioet
282 1353 307 1401 et
317 1363 380 1404 saxo
389 1348 526 1419 patientior
536 1349 580 1404 illa
591 1348 692 1414 Sicano,

114 1432 138 1474 tu
209 1421 243 1475 sit
255 1421 313 1474 licet
322 1429 347 1475 et
356 1421 424 1477 ferro
433 1422 524 1478 durior
533 1431 558 1478 et
567 1422 691 1496 chalybe:

168 1504 317 1550 nontamen
329 1494 373 1551 illa
381 1513 444 1550 suos
453 1497 548 1568 poterit
556 1513 719 1567 oompesoere
727 1496 832 1558 ocellos,

205 1577 295 1643 surget
303 1577 327 1624 et
337 1571 427 1625 invitis
438 1571 547 1641 spiritus
557 1571 585 1624 in
598 1569 723 1624 lacrimis.

168 1647 191 1698 N
193 1661 245 1699 unc
255 1645 318 1699 iaoet
328 1643 434 1700 alterius
443 1644 512 1700 felici
523 1645 586 1700 nixa
598 1643 704 1712 lacerta;

205 1728 230 1773 at
240 1737 298 1775 mea
308 1729 434 1776 nocturno
444 1720 522 1776 verba
532 1718 630 1774 cadunt
639 1718 768 1790 Zephyro.

114 1805 138 1847 35
168 1793 219 1848 Sed
229 1802 258 1849 tu
269 1794 324 1849 sola
333 1795 394 1860 mai,
407 1801 435 1849 tu
445 1795 562 1850 maxima
571 1810 650 1848 causa
658 1791 764 1853 doloris,

205 1869 273 1924 victa
282 1869 349 1924 meis
359 1885 506 1938 nunquam,
520 1868 607 1929 ianua,
619 1863 784 1918 muneribus,

167 1945 188 1996 T
189 1961 203 1998 a
214 1961 267 1998 non
276 1943 332 1997 ulla
342 1957 415 1994 meaa
423 1939 497 1994 laesit
506 1937 647 2009 petulantia
659 1936 772 2006 linguae,

205 2034 273 2089 quae
282 2015 346 2070 solet
356 2016 437 2067 iratus
446 2011 531 2066 dicere
540 2011 599 2064 trita
609 2009 677 2063 loco:

167 2101 197 2146 ut
206 2108 249 2144 me
258 2097 311 2143 tam
323 2087 400 2157 longa
410 2101 519 2140 raucum
529 2084 626 2154 patiare
636 2081 741 2156 quarela

113 2175 138 2219 tt
208 2162 331 2217 sollicitas
341 2158 419 2214 trivio
428 2157 585 2233 peruigilare
594 2175 691 2214 moras.

122 2281 124 2285 .
167 2241 200 2294 At
209 2237 257 2290 tibi
267 2250 344 2306 saepe
353 2251 421 2292 novo
429 2232 528 2290 deduxi
538 2233 654 2290 earmina
665 2249 753 2298 versu,

204 2308 346 2382 osculaque
356 2309 491 2382 impressis
501 2309 565 2366 nixa
573 2308 635 2366 dedi
644 2307 781 2383 gradibus.

168 2387 235 2440 Ante
244 2392 303 2439 tuos
313 2385 415 2457 quoties
425 2385 552 2450 verume,
562 2384 671 2457 perfida,
684 2390 778 2456 posta.

205 2460 346 2532 debitaque
354 2459 463 2516 oouultis
473 2467 533 2516 vota
543 2459 593 2516 tuli
602 2458 761 2515 manibuslr

115 2543 139 2587 tt
170 2536 237 2590 Haec
247 2534 300 2600 ille,
311 2542 336 2589 et
345 2535 369 2589 si
379 2551 447 2606 quaa
457 2535 546 2590 miseri
556 2535 668 2592 novistis
677 2541 801 2597 amantes,

205 2618 230 2666 et
240 2610 376 2667 matutinis
386 2610 512 2683 obstrepit
521 2609 638 2668 alitibus.
