<?xml version="1.0" encoding="UTF-8"?>
<!DOCTYPE html PUBLIC "-//W3C//DTD XHTML 1.0 Transitional//EN"
    "http://www.w3.org/TR/xhtml1/DTD/xhtml1-transitional.dtd">
<html xmlns="http://www.w3.org/1999/xhtml" xml:lang="en" lang="en">
 <head>
  <title>
</title>
<meta http-equiv="Content-Type" content="text/html;charset=utf-8" />
  <meta name='ocr-system' content='tesseract 3.04.00' />
  <meta name='ocr-capabilities' content='ocr_page ocr_carea ocr_par ocr_line ocrx_word'/>
</head>
<body>
  <div class='ocr_page' id='page_1' title='image "./catullitibullie00propgoog_0196.png"; bbox 0 0 2030 3040; ppageno 0'>
   <div class='ocr_carea' id='block_1_1' title="bbox 195 131 706 189">
    <p class='ocr_par' dir='ltr' id='par_1_1' title="bbox 195 131 706 189">
     <span class='ocr_line' id='line_1_1' title="bbox 195 131 706 189; baseline 0.006 -3"><span class='ocrx_word' id='word_1_1' title='bbox 195 133 243 186; x_wconf 73' lang='lat'>⁴30</span> <span class='ocrx_word' id='word_1_2' title='bbox 423 131 530 188; x_wconf 83' lang='lat' dir='ltr'><strong>ALBII</strong></span> <span class='ocrx_word' id='word_1_3' title='bbox 549 132 706 189; x_wconf 88' lang='lat' dir='ltr'><strong>TIBULLl</strong></span> 
     </span>
    </p>
   </div>
   <div class='ocr_carea' id='block_1_2' title="bbox 139 238 883 1430">
    <p class='ocr_par' dir='ltr' id='par_1_2' title="bbox 139 238 883 1430">
     <span class='ocr_line' id='line_1_2' title="bbox 194 238 811 310; baseline 0.002 -15"><span class='ocrx_word' id='word_1_4' title='bbox 194 241 233 295; x_wconf 87' lang='lat' dir='ltr'>Sit</span> <span class='ocrx_word' id='word_1_5' title='bbox 242 238 309 293; x_wconf 90' lang='lat' dir='ltr'>mihi</span> <span class='ocrx_word' id='word_1_6' title='bbox 320 245 458 310; x_wconf 79' lang='lat' dir='ltr'>paupertas</span> <span class='ocrx_word' id='word_1_7' title='bbox 467 247 552 294; x_wconf 76' lang='lat' dir='ltr'>tecum</span> <span class='ocrx_word' id='word_1_8' title='bbox 563 238 688 305; x_wconf 83' lang='lat' dir='ltr'>iucunda,</span> <span class='ocrx_word' id='word_1_9' title='bbox 699 241 811 310; x_wconf 77' lang='lat' dir='ltr'>Neaera3</span> 
     </span>
     <span class='ocr_line' id='line_1_3' title="bbox 230 312 739 386; baseline 0 -18"><span class='ocrx_word' id='word_1_10' title='bbox 230 319 256 368; x_wconf 82' lang='lat' dir='ltr'>at</span> <span class='ocrx_word' id='word_1_11' title='bbox 266 313 459 386; x_wconf 81' lang='lat' dir='ltr'>sinetaregum</span> <span class='ocrx_word' id='word_1_12' title='bbox 469 331 579 368; x_wconf 84' lang='lat' dir='ltr'>munera</span> <span class='ocrx_word' id='word_1_13' title='bbox 588 312 660 368; x_wconf 90' lang='lat' dir='ltr'>nulla</span> <span class='ocrx_word' id='word_1_14' title='bbox 670 313 739 369; x_wconf 86' lang='lat' dir='ltr'><strong>volo.</strong></span> 
     </span>
     <span class='ocr_line' id='line_1_4' title="bbox 139 387 860 460; baseline 0.003 -18"><span class='ocrx_word' id='word_1_15' title='bbox 139 399 164 442; x_wconf 76' lang='lat'>25</span> <span class='ocrx_word' id='word_1_16' title='bbox 194 387 340 452; x_wconf 77' lang='lat' dir='ltr'>Oniveam,</span> <span class='ocrx_word' id='word_1_17' title='bbox 351 394 454 459; x_wconf 72' lang='lat' dir='ltr'>quarata</span> <span class='ocrx_word' id='word_1_18' title='bbox 462 389 555 460; x_wconf 85' lang='lat' dir='ltr'>poterit</span> <span class='ocrx_word' id='word_1_19' title='bbox 563 387 749 454; x_wconf 77' lang='lat' dir='ltr'>mihireddera‚</span> <span class='ocrx_word' id='word_1_20' title='bbox 762 389 860 445; x_wconf 82' lang='lat' dir='ltr'>luoeml</span> 
     </span>
     <span class='ocr_line' id='line_1_5' title="bbox 229 461 782 534; baseline 0.002 -17"><span class='ocrx_word' id='word_1_21' title='bbox 229 462 322 517; x_wconf 84' lang='lat' dir='ltr'><strong>omihi</strong></span> <span class='ocrx_word' id='word_1_22' title='bbox 332 461 434 516; x_wconf 80' lang='lat' dir='ltr'><strong>felicem</strong></span> <span class='ocrx_word' id='word_1_23' title='bbox 444 469 534 534; x_wconf 79' lang='lat' dir='ltr'>terque</span> <span class='ocrx_word' id='word_1_24' title='bbox 543 469 687 534; x_wconf 72' lang='lat' dir='ltr'>quaterque</span> <span class='ocrx_word' id='word_1_25' title='bbox 697 462 782 518; x_wconf 81' lang='lat' dir='ltr'>diam!</span> 
     </span>
     <span class='ocr_line' id='line_1_6' title="bbox 194 536 838 610; baseline 0.003 -20"><span class='ocrx_word' id='word_1_26' title='bbox 194 537 228 590; x_wconf 78' lang='lat' dir='ltr'>At</span> <span class='ocrx_word' id='word_1_27' title='bbox 237 537 270 601; x_wconf 82' lang='lat' dir='ltr'>si,</span> <span class='ocrx_word' id='word_1_28' title='bbox 281 553 330 607; x_wconf 86' lang='lat' dir='ltr'>pro</span> <span class='ocrx_word' id='word_1_29' title='bbox 341 536 413 591; x_wconf 84' lang='lat' dir='ltr'>dulei</span> <span class='ocrx_word' id='word_1_30' title='bbox 423 536 509 592; x_wconf 85' lang='lat' dir='ltr'>reditu</span> <span class='ocrx_word' id='word_1_31' title='bbox 517 553 690 610; x_wconf 74' lang='lat' dir='ltr'>quaecunque</span> <span class='ocrx_word' id='word_1_32' title='bbox 701 545 838 604; x_wconf 80' lang='lat' dir='ltr'>voventur,</span> 
     </span>
     <span class='ocr_line' id='line_1_7' title="bbox 229 610 724 677; baseline 0.002 -12"><span class='ocrx_word' id='word_1_33' title='bbox 229 610 320 666; x_wconf 84' lang='lat' dir='ltr'>audiat</span> <span class='ocrx_word' id='word_1_34' title='bbox 329 628 419 666; x_wconf 82' lang='lat' dir='ltr'>aversa</span> <span class='ocrx_word' id='word_1_35' title='bbox 429 628 482 666; x_wconf 90' lang='lat' dir='ltr'>non</span> <span class='ocrx_word' id='word_1_36' title='bbox 492 628 568 667; x_wconf 81' lang='lat' dir='ltr'>meus</span> <span class='ocrx_word' id='word_1_37' title='bbox 578 627 640 666; x_wconf 79' lang='lat' dir='ltr'>aure</span> <span class='ocrx_word' id='word_1_38' title='bbox 649 611 724 677; x_wconf 86' lang='lat' dir='ltr'>daus,</span> 
     </span>
     <span class='ocr_line' id='line_1_8' title="bbox 195 685 879 758; baseline 0 -18"><span class='ocrx_word' id='word_1_39' title='bbox 195 701 242 740; x_wconf 80' lang='lat' dir='ltr'>uuo</span> <span class='ocrx_word' id='word_1_40' title='bbox 252 702 294 740; x_wconf 85' lang='lat' dir='ltr'>ma</span> <span class='ocrx_word' id='word_1_41' title='bbox 303 702 383 758; x_wconf 78' lang='lat' dir='ltr'>regna</span> <span class='ocrx_word' id='word_1_42' title='bbox 393 685 492 750; x_wconf 83' lang='lat' dir='ltr'>iuvent,</span> <span class='ocrx_word' id='word_1_43' title='bbox 508 703 555 740; x_wconf 80' lang='lat' dir='ltr'>nae</span> <span class='ocrx_word' id='word_1_44' title='bbox 564 685 666 758; x_wconf 83' lang='lat' dir='ltr'>Lydius</span> <span class='ocrx_word' id='word_1_45' title='bbox 676 685 772 740; x_wconf 75' lang='lat' dir='ltr'>aurifer</span> <span class='ocrx_word' id='word_1_46' title='bbox 782 685 879 750; x_wconf 88' lang='lat' dir='ltr'>amuis,</span> 
     </span>
     <span class='ocr_line' id='line_1_9' title="bbox 140 760 775 832; baseline 0.003 -20"><span class='ocrx_word' id='word_1_47' title='bbox 140 770 165 812; x_wconf 73' lang='lat' dir='ltr'>uu</span> <span class='ocrx_word' id='word_1_48' title='bbox 231 777 279 814; x_wconf 80' lang='lat' dir='ltr'>neo</span> <span class='ocrx_word' id='word_1_49' title='bbox 287 777 355 832; x_wconf 83' lang='lat' dir='ltr'>quas</span> <span class='ocrx_word' id='word_1_50' title='bbox 365 767 493 814; x_wconf 76' lang='lat' dir='ltr'>terrarum</span> <span class='ocrx_word' id='word_1_51' title='bbox 503 760 614 814; x_wconf 78' lang='lat' dir='ltr'>sustinet</span> <span class='ocrx_word' id='word_1_52' title='bbox 622 760 693 814; x_wconf 87' lang='lat' dir='ltr'>orbis</span> <span class='ocrx_word' id='word_1_53' title='bbox 703 777 775 832; x_wconf 83' lang='lat' dir='ltr'>opes.</span> 
     </span>
     <span class='ocr_line' id='line_1_10' title="bbox 194 832 842 906; baseline 0 -17"><span class='ocrx_word' id='word_1_54' title='bbox 194 835 263 889; x_wconf 79' lang='lat' dir='ltr'>Haec</span> <span class='ocrx_word' id='word_1_55' title='bbox 271 833 316 888; x_wconf 87' lang='lat' dir='ltr'>alii</span> <span class='ocrx_word' id='word_1_56' title='bbox 324 833 444 906; x_wconf 80' lang='lat' dir='ltr'>cupiaut;</span> <span class='ocrx_word' id='word_1_57' title='bbox 467 832 541 888; x_wconf 81' lang='lat' dir='ltr'>lioeat</span> <span class='ocrx_word' id='word_1_58' title='bbox 551 834 627 899; x_wconf 88' lang='lat' dir='ltr'>mihi,</span> <span class='ocrx_word' id='word_1_59' title='bbox 638 851 752 906; x_wconf 80' lang='lat' dir='ltr'>paupere</span> <span class='ocrx_word' id='word_1_60' title='bbox 761 833 842 899; x_wconf 80' lang='lat' dir='ltr'>uultu,</span> 
     </span>
     <span class='ocr_line' id='line_1_11' title="bbox 231 907 667 981; baseline -0.002 -18"><span class='ocrx_word' id='word_1_61' title='bbox 231 925 322 963; x_wconf 78' lang='lat' dir='ltr'>sucuro</span> <span class='ocrx_word' id='word_1_62' title='bbox 331 925 389 962; x_wconf 79' lang='lat' dir='ltr'>cara</span> <span class='ocrx_word' id='word_1_63' title='bbox 399 907 510 981; x_wconf 81' lang='lat' dir='ltr'>ooniuge</span> <span class='ocrx_word' id='word_1_64' title='bbox 519 925 595 980; x_wconf 85' lang='lat' dir='ltr'>possa</span> <span class='ocrx_word' id='word_1_65' title='bbox 604 907 667 963; x_wconf 83' lang='lat' dir='ltr'>frui.</span> 
     </span>
     <span class='ocr_line' id='line_1_12' title="bbox 194 980 750 1048; baseline -0.002 -11"><span class='ocrx_word' id='word_1_66' title='bbox 194 983 273 1038; x_wconf 83' lang='lat' dir='ltr'>Adsis</span> <span class='ocrx_word' id='word_1_67' title='bbox 282 989 307 1037; x_wconf 77' lang='lat' dir='ltr'>et</span> <span class='ocrx_word' id='word_1_68' title='bbox 314 981 415 1036; x_wconf 88' lang='lat' dir='ltr'><strong>timidis</strong></span> <span class='ocrx_word' id='word_1_69' title='bbox 423 980 520 1048; x_wconf 58' lang='lat' dir='ltr'>favam,</span> <span class='ocrx_word' id='word_1_70' title='bbox 532 982 662 1048; x_wconf 86' lang='lat' dir='ltr'>Saturnia,</span> <span class='ocrx_word' id='word_1_71' title='bbox 673 983 750 1048; x_wconf 81' lang='lat' dir='ltr'>votis,</span> 
     </span>
     <span class='ocr_line' id='line_1_13' title="bbox 231 1056 738 1130; baseline 0.006 -19"><span class='ocrx_word' id='word_1_72' title='bbox 231 1064 256 1111; x_wconf 80' lang='lat' dir='ltr'>at</span> <span class='ocrx_word' id='word_1_73' title='bbox 265 1056 352 1112; x_wconf 80' lang='lat' dir='ltr'>faveas</span> <span class='ocrx_word' id='word_1_74' title='bbox 361 1056 468 1120; x_wconf 72' lang='lat' dir='ltr'>ronchu,</span> <span class='ocrx_word' id='word_1_75' title='bbox 480 1057 586 1130; x_wconf 79' lang='lat' dir='ltr'>Cypria,</span> <span class='ocrx_word' id='word_1_76' title='bbox 599 1064 671 1114; x_wconf 78' lang='lat' dir='ltr'>varta</span> <span class='ocrx_word' id='word_1_77' title='bbox 680 1063 738 1120; x_wconf 86' lang='lat' dir='ltr'>tua;</span> 
     </span>
     <span class='ocr_line' id='line_1_14' title="bbox 141 1130 842 1205; baseline -0.001 -20"><span class='ocrx_word' id='word_1_78' title='bbox 141 1141 166 1185; x_wconf 72' lang='lat'>35</span> <span class='ocrx_word' id='word_1_79' title='bbox 195 1139 249 1197; x_wconf 84' lang='lat' dir='ltr'>aut,</span> <span class='ocrx_word' id='word_1_80' title='bbox 260 1132 284 1186; x_wconf 82' lang='lat' dir='ltr'>si</span> <span class='ocrx_word' id='word_1_81' title='bbox 293 1130 345 1187; x_wconf 83' lang='lat' dir='ltr'>fata</span> <span class='ocrx_word' id='word_1_82' title='bbox 355 1139 452 1205; x_wconf 81' lang='lat' dir='ltr'>negant</span> <span class='ocrx_word' id='word_1_83' title='bbox 462 1132 576 1188; x_wconf 85' lang='lat' dir='ltr'>reditum</span> <span class='ocrx_word' id='word_1_84' title='bbox 587 1133 724 1204; x_wconf 64' lang='lat' dir='ltr'>tristaequa</span> <span class='ocrx_word' id='word_1_85' title='bbox 733 1148 842 1196; x_wconf 86' lang='lat' dir='ltr'>sorores,</span> 
     </span>
     <span class='ocr_line' id='line_1_15' title="bbox 231 1205 883 1281; baseline -0.005 -20"><span class='ocrx_word' id='word_1_86' title='bbox 231 1206 344 1262; x_wconf 84' lang='lat' dir='ltr'>stamina</span> <span class='ocrx_word' id='word_1_87' title='bbox 351 1224 420 1279; x_wconf 83' lang='lat' dir='ltr'>quae</span> <span class='ocrx_word' id='word_1_88' title='bbox 428 1207 537 1274; x_wconf 81' lang='lat' dir='ltr'>ducunt,</span> <span class='ocrx_word' id='word_1_89' title='bbox 550 1223 671 1281; x_wconf 73' lang='lat' dir='ltr'>quaeque</span> <span class='ocrx_word' id='word_1_90' title='bbox 679 1205 767 1261; x_wconf 80' lang='lat' dir='ltr'>futura</span> <span class='ocrx_word' id='word_1_91' title='bbox 777 1212 883 1269; x_wconf 79' lang='lat' dir='ltr'>uanum,</span> 
     </span>
     <span class='ocr_line' id='line_1_16' title="bbox 194 1279 855 1356; baseline 0 -22"><span class='ocrx_word' id='word_1_92' title='bbox 194 1298 237 1335; x_wconf 83' lang='lat' dir='ltr'>me</span> <span class='ocrx_word' id='word_1_93' title='bbox 246 1289 320 1336; x_wconf 77' lang='lat' dir='ltr'>voret</span> <span class='ocrx_word' id='word_1_94' title='bbox 332 1283 361 1336; x_wconf 87' lang='lat' dir='ltr'>in</span> <span class='ocrx_word' id='word_1_95' title='bbox 371 1289 458 1337; x_wconf 82' lang='lat' dir='ltr'>vastus</span> <span class='ocrx_word' id='word_1_96' title='bbox 467 1300 558 1338; x_wconf 86' lang='lat' dir='ltr'>amnes</span> <span class='ocrx_word' id='word_1_97' title='bbox 568 1283 725 1356; x_wconf 77' lang='lat' dir='ltr'>nigramque</span> <span class='ocrx_word' id='word_1_98' title='bbox 733 1279 855 1352; x_wconf 80' lang='lat' dir='ltr'>paludem</span> 
     </span>
     <span class='ocr_line' id='line_1_17' title="bbox 230 1354 764 1430; baseline 0 -20"><span class='ocrx_word' id='word_1_99' title='bbox 230 1355 304 1410; x_wconf 81' lang='lat' dir='ltr'>divas</span> <span class='ocrx_word' id='word_1_100' title='bbox 323 1354 352 1412; x_wconf 89' lang='lat' dir='ltr'>in</span> <span class='ocrx_word' id='word_1_101' title='bbox 372 1357 468 1430; x_wconf 78' lang='lat' dir='ltr'>ignava</span> <span class='ocrx_word' id='word_1_102' title='bbox 479 1357 582 1412; x_wconf 84' lang='lat' dir='ltr'>luridus</span> <span class='ocrx_word' id='word_1_103' title='bbox 591 1355 674 1412; x_wconf 84' lang='lat' dir='ltr'>Orous</span> <span class='ocrx_word' id='word_1_104' title='bbox 685 1373 764 1429; x_wconf 86' lang='lat' dir='ltr'>aqua.</span> 
     </span>
    </p>
   </div>
   <div class='ocr_carea' id='block_1_3' title="bbox 451 1483 683 1528">
    <p class='ocr_par' dir='ltr' id='par_1_3' title="bbox 451 1483 683 1528">
     <span class='ocr_line' id='line_1_18' title="bbox 451 1483 683 1528; baseline -0.009 0"><span class='ocrx_word' id='word_1_105' title='bbox 451 1483 609 1528; x_wconf 70' lang='lat' dir='ltr'>uuum</span> <span class='ocrx_word' id='word_1_106' title='bbox 638 1485 683 1527; x_wconf 82' lang='lat' dir='ltr'>lv.</span> 
     </span>
    </p>
   </div>
   <div class='ocr_carea' id='block_1_4' title="bbox 140 1567 890 2692">
    <p class='ocr_par' dir='ltr' id='par_1_4' title="bbox 140 1567 890 2692">
     <span class='ocr_line' id='line_1_19' title="bbox 194 1567 791 1641; baseline -0.003 -11"><span class='ocrx_word' id='word_1_107' title='bbox 194 1567 234 1630; x_wconf 87' lang='lat' dir='ltr'>Di</span> <span class='ocrx_word' id='word_1_108' title='bbox 245 1575 351 1633; x_wconf 87' lang='lat' dir='ltr'>meliora</span> <span class='ocrx_word' id='word_1_109' title='bbox 360 1575 451 1641; x_wconf 76' lang='lat' dir='ltr'>ferant,</span> <span class='ocrx_word' id='word_1_110' title='bbox 462 1593 510 1630; x_wconf 82' lang='lat' dir='ltr'>neu</span> <span class='ocrx_word' id='word_1_111' title='bbox 519 1575 572 1629; x_wconf 87' lang='lat' dir='ltr'>siut</span> <span class='ocrx_word' id='word_1_112' title='bbox 581 1574 712 1630; x_wconf 72' lang='lat' dir='ltr'>insomnia</span> <span class='ocrx_word' id='word_1_113' title='bbox 721 1591 791 1638; x_wconf 78' lang='lat' dir='ltr'>uara,</span> 
     </span>
     <span class='ocr_line' id='line_1_20' title="bbox 231 1649 794 1722; baseline -0.005 -16"><span class='ocrx_word' id='word_1_114' title='bbox 231 1668 299 1722; x_wconf 83' lang='lat' dir='ltr'>quaa</span> <span class='ocrx_word' id='word_1_115' title='bbox 309 1651 369 1706; x_wconf 74' lang='lat' dir='ltr'>tulit</span> <span class='ocrx_word' id='word_1_116' title='bbox 377 1659 492 1706; x_wconf 82' lang='lat' dir='ltr'>extrema</span> <span class='ocrx_word' id='word_1_117' title='bbox 501 1649 615 1722; x_wconf 77' lang='lat' dir='ltr'>passima</span> <span class='ocrx_word' id='word_1_118' title='bbox 624 1655 698 1704; x_wconf 87' lang='lat' dir='ltr'>nocta</span> <span class='ocrx_word' id='word_1_119' title='bbox 707 1649 794 1722; x_wconf 84' lang='lat' dir='ltr'>quies.</span> 
     </span>
     <span class='ocr_line' id='line_1_21' title="bbox 194 1724 834 1797; baseline -0.002 -18"><span class='ocrx_word' id='word_1_120' title='bbox 194 1725 230 1780; x_wconf 84' lang='lat' dir='ltr'>lte</span> <span class='ocrx_word' id='word_1_121' title='bbox 239 1725 340 1796; x_wconf 84' lang='lat' dir='ltr'>procul,</span> <span class='ocrx_word' id='word_1_122' title='bbox 352 1743 452 1781; x_wconf 90' lang='lat' dir='ltr'>vanum</span> <span class='ocrx_word' id='word_1_123' title='bbox 461 1725 612 1797; x_wconf 79' lang='lat' dir='ltr'>falsumque</span> <span class='ocrx_word' id='word_1_124' title='bbox 621 1724 727 1779; x_wconf 73' lang='lat' dir='ltr'>avertite</span> <span class='ocrx_word' id='word_1_125' title='bbox 737 1724 834 1789; x_wconf 81' lang='lat' dir='ltr'>uisum,</span> 
     </span>
     <span class='ocr_line' id='line_1_22' title="bbox 232 1798 774 1872; baseline 0 -18"><span class='ocrx_word' id='word_1_126' title='bbox 232 1799 342 1854; x_wconf 76' lang='lat' dir='ltr'>desinite</span> <span class='ocrx_word' id='word_1_127' title='bbox 351 1801 377 1854; x_wconf 85' lang='lat' dir='ltr'>in</span> <span class='ocrx_word' id='word_1_128' title='bbox 390 1800 465 1856; x_wconf 87' lang='lat' dir='ltr'>vobis</span> <span class='ocrx_word' id='word_1_129' title='bbox 475 1817 599 1872; x_wconf 76' lang='lat' dir='ltr'>quaerere</span> <span class='ocrx_word' id='word_1_130' title='bbox 608 1798 675 1854; x_wconf 80' lang='lat' dir='ltr'>vella</span> <span class='ocrx_word' id='word_1_131' title='bbox 685 1798 774 1854; x_wconf 84' lang='lat' dir='ltr'>fidam.</span> 
     </span>
     <span class='ocr_line' id='line_1_23' title="bbox 140 1872 796 1941; baseline -0.006 -13"><span class='ocrx_word' id='word_1_132' title='bbox 140 1886 152 1928; x_wconf 76' lang='lat'><strong>5</strong></span> <span class='ocrx_word' id='word_1_133' title='bbox 195 1874 454 1941; x_wconf 77' lang='lat' dir='ltr'>Diviveramouant3</span> <span class='ocrx_word' id='word_1_134' title='bbox 476 1881 599 1928; x_wconf 79' lang='lat' dir='ltr'>venturae</span> <span class='ocrx_word' id='word_1_135' title='bbox 608 1873 701 1928; x_wconf 75' lang='lat' dir='ltr'>nuntia</span> <span class='ocrx_word' id='word_1_136' title='bbox 710 1872 796 1936; x_wconf 81' lang='lat' dir='ltr'>sortis,</span> 
     </span>
     <span class='ocr_line' id='line_1_24' title="bbox 231 1945 783 2016; baseline -0.004 -14"><span class='ocrx_word' id='word_1_137' title='bbox 231 1963 292 2003; x_wconf 80' lang='lat' dir='ltr'>vera</span> <span class='ocrx_word' id='word_1_138' title='bbox 302 1953 409 2000; x_wconf 79' lang='lat' dir='ltr'><strong>monent</strong></span> <span class='ocrx_word' id='word_1_139' title='bbox 418 1947 510 2000; x_wconf 83' lang='lat' dir='ltr'>Tuscis</span> <span class='ocrx_word' id='word_1_140' title='bbox 519 1953 578 2000; x_wconf 85' lang='lat' dir='ltr'>exta</span> <span class='ocrx_word' id='word_1_141' title='bbox 587 1945 695 2016; x_wconf 80' lang='lat' dir='ltr'>probata</span> <span class='ocrx_word' id='word_1_142' title='bbox 704 1945 783 2001; x_wconf 83' lang='lat' dir='ltr'>viris:</span> 
     </span>
     <span class='ocr_line' id='line_1_25' title="bbox 195 2018 732 2084; baseline -0.004 -8"><span class='ocrx_word' id='word_1_143' title='bbox 195 2021 296 2076; x_wconf 79' lang='lat' dir='ltr'>somnia</span> <span class='ocrx_word' id='word_1_144' title='bbox 306 2019 390 2075; x_wconf 80' lang='lat' dir='ltr'>fallaci</span> <span class='ocrx_word' id='word_1_145' title='bbox 401 2018 497 2074; x_wconf 83' lang='lat' dir='ltr'>ludunt</span> <span class='ocrx_word' id='word_1_146' title='bbox 506 2019 640 2073; x_wconf 76' lang='lat' dir='ltr'>temeraria</span> <span class='ocrx_word' id='word_1_147' title='bbox 650 2025 732 2084; x_wconf 72' lang='lat' dir='ltr'>noue,</span> 
     </span>
     <span class='ocr_line' id='line_1_26' title="bbox 230 2091 776 2165; baseline 0 -16"><span class='ocrx_word' id='word_1_148' title='bbox 230 2102 256 2149; x_wconf 77' lang='lat' dir='ltr'>et</span> <span class='ocrx_word' id='word_1_149' title='bbox 266 2093 376 2165; x_wconf 79' lang='lat' dir='ltr'>pavidas</span> <span class='ocrx_word' id='word_1_150' title='bbox 385 2101 485 2149; x_wconf 67' lang='lat' dir='ltr'>mantes</span> <span class='ocrx_word' id='word_1_151' title='bbox 497 2091 561 2148; x_wconf 75' lang='lat' dir='ltr'>falsa</span> <span class='ocrx_word' id='word_1_152' title='bbox 571 2093 662 2148; x_wconf 79' lang='lat' dir='ltr'>timere</span> <span class='ocrx_word' id='word_1_153' title='bbox 674 2093 776 2150; x_wconf 78' lang='lat' dir='ltr'>iubent.</span> 
     </span>
     <span class='ocr_line' id='line_1_27' title="bbox 194 2168 890 2242; baseline 0.001 -19"><span class='ocrx_word' id='word_1_154' title='bbox 194 2169 227 2223; x_wconf 79' lang='lat' dir='ltr'>At</span> <span class='ocrx_word' id='word_1_155' title='bbox 237 2175 328 2223; x_wconf 85' lang='lat' dir='ltr'>natum</span> <span class='ocrx_word' id='word_1_156' title='bbox 338 2169 366 2222; x_wconf 89' lang='lat' dir='ltr'>in</span> <span class='ocrx_word' id='word_1_157' title='bbox 375 2185 451 2224; x_wconf 81' lang='lat' dir='ltr'>ouras</span> <span class='ocrx_word' id='word_1_158' title='bbox 463 2168 602 2224; x_wconf 86' lang='lat' dir='ltr'>homiuum</span> <span class='ocrx_word' id='word_1_159' title='bbox 612 2186 697 2242; x_wconf 80' lang='lat' dir='ltr'>genus</span> <span class='ocrx_word' id='word_1_160' title='bbox 706 2168 890 2224; x_wconf 76' lang='lat' dir='ltr'>ominauoatis</span> 
     </span>
     <span class='ocr_line' id='line_1_28' title="bbox 140 2241 687 2315; baseline 0.004 -19"><span class='ocrx_word' id='word_1_161' title='bbox 140 2255 166 2296; x_wconf 82' lang='lat'>10</span> <span class='ocrx_word' id='word_1_162' title='bbox 231 2241 299 2298; x_wconf 76' lang='lat' dir='ltr'>farra</span> <span class='ocrx_word' id='word_1_163' title='bbox 308 2242 352 2315; x_wconf 87' lang='lat' dir='ltr'>pio</span> <span class='ocrx_word' id='word_1_164' title='bbox 360 2243 465 2315; x_wconf 83' lang='lat' dir='ltr'>placant</span> <span class='ocrx_word' id='word_1_165' title='bbox 474 2251 498 2299; x_wconf 79' lang='lat' dir='ltr'>et</span> <span class='ocrx_word' id='word_1_166' title='bbox 507 2242 615 2298; x_wconf 75' lang='lat' dir='ltr'>saliente</span> <span class='ocrx_word' id='word_1_167' title='bbox 624 2242 687 2298; x_wconf 83' lang='lat' dir='ltr'>sala.</span> 
     </span>
     <span class='ocr_line' id='line_1_29' title="bbox 194 2317 847 2391; baseline 0 -19"><span class='ocrx_word' id='word_1_168' title='bbox 194 2319 227 2372; x_wconf 83' lang='lat' dir='ltr'>Et</span> <span class='ocrx_word' id='word_1_169' title='bbox 236 2333 332 2384; x_wconf 75' lang='lat' dir='ltr'>tamen,</span> <span class='ocrx_word' id='word_1_170' title='bbox 343 2326 479 2391; x_wconf 82' lang='lat' dir='ltr'>utcunque</span> <span class='ocrx_word' id='word_1_171' title='bbox 488 2326 535 2383; x_wconf 76' lang='lat' dir='ltr'>est,</span> <span class='ocrx_word' id='word_1_172' title='bbox 548 2319 605 2374; x_wconf 83' lang='lat' dir='ltr'><strong>sive</strong></span> <span class='ocrx_word' id='word_1_173' title='bbox 616 2318 656 2372; x_wconf 86' lang='lat' dir='ltr'>illi</span> <span class='ocrx_word' id='word_1_174' title='bbox 667 2335 727 2374; x_wconf 84' lang='lat' dir='ltr'>vera</span> <span class='ocrx_word' id='word_1_175' title='bbox 736 2317 847 2383; x_wconf 83' lang='lat' dir='ltr'>moneri,</span> 
     </span>
     <span class='ocr_line' id='line_1_30' title="bbox 231 2392 735 2459; baseline 0.004 -13"><span class='ocrx_word' id='word_1_176' title='bbox 231 2392 735 2459; x_wconf 79' lang='lat' dir='ltr'>mendacisomuouraderesiueuoleut,</span> 
     </span>
     <span class='ocr_line' id='line_1_31' title="bbox 194 2466 706 2533; baseline 0 -11"><span class='ocrx_word' id='word_1_177' title='bbox 194 2466 288 2522; x_wconf 77' lang='lat' dir='ltr'>afficiat</span> <span class='ocrx_word' id='word_1_178' title='bbox 297 2485 379 2524; x_wconf 84' lang='lat' dir='ltr'>vanos</span> <span class='ocrx_word' id='word_1_179' title='bbox 389 2469 472 2524; x_wconf 77' lang='lat' dir='ltr'>nouis</span> <span class='ocrx_word' id='word_1_180' title='bbox 481 2468 582 2524; x_wconf 84' lang='lat' dir='ltr'>Luuina</span> <span class='ocrx_word' id='word_1_181' title='bbox 591 2468 706 2533; x_wconf 75' lang='lat' dir='ltr'>timores,</span> 
     </span>
     <span class='ocr_line' id='line_1_32' title="bbox 231 2540 804 2616; baseline -0.003 -18"><span class='ocrx_word' id='word_1_182' title='bbox 231 2549 256 2598; x_wconf 75' lang='lat' dir='ltr'>at</span> <span class='ocrx_word' id='word_1_183' title='bbox 265 2541 360 2599; x_wconf 80' lang='lat' dir='ltr'>frustra</span> <span class='ocrx_word' id='word_1_184' title='bbox 370 2543 532 2600; x_wconf 79' lang='lat' dir='ltr'>immeritum</span> <span class='ocrx_word' id='word_1_185' title='bbox 540 2543 724 2616; x_wconf 78' lang='lat' dir='ltr'>praetimuisse</span> <span class='ocrx_word' id='word_1_186' title='bbox 733 2540 804 2607; x_wconf 73' lang='lat' dir='ltr'>velit,</span> 
     </span>
     <span class='ocr_line' id='line_1_33' title="bbox 142 2617 866 2692; baseline 0 -20"><span class='ocrx_word' id='word_1_187' title='bbox 142 2630 168 2672; x_wconf 75' lang='lat' dir='ltr'>rs</span> <span class='ocrx_word' id='word_1_188' title='bbox 197 2619 220 2672; x_wconf 88' lang='lat' dir='ltr'>si</span> <span class='ocrx_word' id='word_1_189' title='bbox 230 2635 287 2674; x_wconf 83' lang='lat' dir='ltr'>mea</span> <span class='ocrx_word' id='word_1_190' title='bbox 298 2635 346 2674; x_wconf 75' lang='lat' dir='ltr'>uuo</span> <span class='ocrx_word' id='word_1_191' title='bbox 354 2620 427 2692; x_wconf 88' lang='lat' dir='ltr'>turpi</span> <span class='ocrx_word' id='word_1_192' title='bbox 437 2636 512 2676; x_wconf 83' lang='lat' dir='ltr'>meus</span> <span class='ocrx_word' id='word_1_193' title='bbox 521 2625 560 2676; x_wconf 82' lang='lat' dir='ltr'>ast</span> <span class='ocrx_word' id='word_1_194' title='bbox 569 2617 682 2676; x_wconf 86' lang='lat' dir='ltr'>obnoxia</span> <span class='ocrx_word' id='word_1_195' title='bbox 692 2617 766 2687; x_wconf 78' lang='lat' dir='ltr'>fautu,</span> <span class='ocrx_word' id='word_1_196' title='bbox 855 2637 866 2644; x_wconf 89' lang='lat'>·</span> 
     </span>
    </p>
   </div>
   <div class='ocr_carea' id='block_1_5' title="bbox 0 0 1028 3040">
    <p class='ocr_par' dir='ltr' id='par_1_5' title="bbox 0 0 1028 3040">
     <span class='ocr_line' id='line_1_34' title="bbox 0 0 1028 3040; baseline 0 0"><span class='ocrx_word' id='word_1_197' title='bbox 0 0 1028 3040; x_wconf 95' lang='lat' dir='ltr'> </span> 
     </span>
    </p>
   </div>
  </div>
 </body>
</html>
