2030 3040
201 124 248 175 res
464 89 675 178 prorsirrm

198 227 287 295 Quid?
305 246 357 284 non
368 229 514 304 Antigonae
523 228 627 285 tumulo
635 230 755 285 Boeotius
764 233 881 288 Haemon

236 303 333 357 corruit
343 302 399 374 ipse
408 321 457 358 sue
465 304 572 359 saucius
580 321 643 358 ense
653 303 739 360 latus?

145 387 170 429 85
199 387 224 431 et
233 395 281 432 sue
292 393 354 432 eum
363 378 474 433 miserae
482 379 636 450 permiscuit
644 395 703 434 osse
713 379 825 449 puellae,

236 469 289 522 que
300 452 357 507 sine
366 453 519 508 Thebanam
530 453 614 508 noluit
623 454 661 508 ire
670 452 798 509 domum?

199 525 248 580 Sed
259 543 312 582 non
322 526 444 600 effugies:
463 543 567 582 meeum
576 528 697 583 moriaris
706 536 814 600 oportet.

236 601 290 656 Hoc
297 600 386 656 eodem
397 600 465 656 ferro
475 601 554 656 stillet
563 609 674 674 uterque
683 619 769 657 cruor.

199 673 327 740 Quamvis
338 676 385 729 ista
395 675 462 730 mihi
472 693 543 732 mors
552 683 591 731 est
600 676 737 732 inhonesta
746 675 848 746 iuture3

145 759 171 800 se
236 749 454 804 morsinhoneste
463 749 586 822 quidem3
608 758 637 806 tu
648 751 758 808 moriere
767 760 862 808 tamen.

199 823 289 878 Sidera
298 830 362 878 sunt
371 831 456 889 testes,
468 832 493 879 et
503 827 632 880 matutine
641 826 746 897 pruine,

237 896 360 952 etiumim
370 899 651 971 misemianueeperte
661 900 742 954 mihi:

200 980 223 1024 te
237 971 304 1025 nihil
315 971 344 1025 in
354 971 407 1026 vita
418 971 495 1026 nobis
506 974 637 1042 aeoeptius
646 990 777 1045 unquam.

236 1047 313 1100 Nunc
322 1061 429 1116 quoque
437 1046 498 1111 eris,
511 1048 636 1119 quamvis
646 1049 684 1102 sis
694 1048 802 1104 inimica
811 1049 890 1103 mihi:

145 1129 170 1172 95
200 1136 247 1174 nec
256 1119 363 1175 domina
374 1119 427 1176 uile
436 1137 494 1175 meo
503 1129 583 1192 ponet
590 1123 700 1196 vestigia
711 1120 784 1178 lecte.

236 1193 313 1250 Solus
323 1212 375 1259 ero,
387 1196 514 1267 quoniam
525 1214 578 1252 non
588 1196 648 1252 lieet
657 1215 713 1252 esse
723 1205 777 1253 tuo.

195 1269 285 1340 'Atque
295 1271 405 1336 utinam,
418 1271 442 1325 si
452 1270 516 1326 forte
525 1273 583 1344 pies
593 1272 735 1328 eduximus
745 1287 837 1337 armes,

238 1344 282 1399 ilie
291 1346 333 1400 vir
342 1345 370 1399 in
381 1345 467 1402 medio
478 1346 522 1402 flat
531 1365 619 1402 amore
629 1347 705 1419 lepis.

437 1475 596 1521 Enseu
625 1473 703 1518 v111.

198 1554 262 1619 Non
273 1565 307 1620 ob
317 1581 397 1638 regna
407 1564 493 1637 magis
503 1565 569 1619 diris
578 1565 693 1619 oecidere
702 1564 753 1619 sub
763 1565 845 1619 ermis

235 1639 362 1704 Thebani,
375 1639 460 1693 media
471 1655 523 1694 non
534 1639 592 1693 sine
601 1646 692 1703 matre,
703 1637 797 1693 duces:

198 1731 288 1784 quam,
301 1714 369 1769 mihi
378 1713 402 1767 si
412 1712 498 1768 medie
508 1712 583 1767 liceat
590 1729 710 1787 pugnare
718 1711 815 1784 puelle,

236 1794 346 1842 mortem
356 1804 405 1912 effe
414 1804 466 1841 non
476 1786 577 1858 fugiam
588 1795 669 1842 morte
678 1785 769 1840 subire
778 1792 833 1840 tua.

144 1873 155 1913 5
198 1860 362 1930 Sedtempus
384 1858 802 1920 ustrereeliisHelieonechoreis¹

234 1942 259 1987 et
268 1948 391 2003 eampum
401 1931 543 1984 Haemonio
552 1930 606 1983 iem
615 1930 677 1983 dere
687 1936 792 1997 tempus
801 1944 880 1998 eque.

197 2009 250 2060 iam
263 2005 325 2059 libet
333 2011 359 2057 et
367 2002 444 2056 fortes
455 2017 598 2055 memorare
607 2001 641 2056 ed
649 1999 747 2072 proelis
756 2007 866 2066 turmas,

233 2087 258 2132 et
268 2080 384 2131 Romana
393 2075 445 2128 mei
455 2073 541 2129 dieere
550 2081 633 2130 eastra
642 2073 729 2131 ducis.

196 2151 273 2218 Quod
282 2150 306 2204 si
315 2147 437 2204 deiieient
445 2149 525 2215 vires,
536 2147 645 2205 audacia
655 2157 723 2206 certe

144 2238 167 2278 m
233 2225 364 2281 laeserit:
379 2224 682 2298 inmegnisetvoluisse
691 2231 788 2282 estest.

196 2303 272 2355 Aetas
282 2300 367 2372 prime
376 2308 452 2356 eenat
461 2301 580 2366 Veneres,
592 2307 708 2356 extrema
717 2297 859 2355 tumuitus.

233 2375 303 2430 Bella
313 2392 414 2441 canem,
426 2375 533 2448 quande
542 2375 637 2447 scripta
646 2375 734 2447 puelia
743 2391 802 2430 mee
811 2382 859 2430 est.

196 2448 481 2507 Nunevolosubdueto
489 2450 741 2526 graviorpmoedere
750 2447 840 2504 vultu:

233 2524 392 2581 nunculiam
403 2527 530 2582 citharam
540 2542 583 2581 me
592 2543 651 2582 mee
660 2527 736 2582 Musa
745 2523 828 2579 dooet.

143 2609 168 2652 15
197 2599 289 2676 Surge,
297 2601 433 2666 enime,ex
442 2601 552 2658 humili:
567 2601 743 2656 iemeermina
753 2599 937 2656 sumiteviresr
