2030 3040
4 201 5 238 i
240 167 312 224 irs.
332 169 370 226 11.
399 169 513 224 rire.
535 171 614 227 xiv.
749 172 797 226 ⁴97

90 285 122 334 ut
130 277 219 350 liquor
227 278 310 333 arenti
319 276 392 334 fallat
401 278 435 334 eb
444 295 489 334 ore
498 277 583 346 sitim;

53 352 95 411 vel
105 361 135 408 tu
145 351 283 428 Sisyphios
292 352 352 408 lioet
359 353 488 408 admirere
497 351 607 417 labores,

90 426 198 483 difficile
207 434 237 481 ut
248 433 300 483 toto
309 435 397 483 monte
406 427 505 483 volutet
513 444 597 482 onus:

53 503 149 558 durius
158 501 186 557 in
196 501 271 556 terris
282 500 348 557 nihil
359 503 479 574 estquod
488 503 681 567 vivatamante‚
827 513 851 556 ⁶⁵

91 594 148 643 nec,
159 573 238 631 modo
247 576 270 630 si
280 576 376 648 sapias,
387 574 460 648 quod
469 577 560 632 minus
568 593 626 630 esse
635 575 711 632 velis.

54 651 139 718 Quem
149 647 228 705 modo
236 647 347 716 felioem,
360 651 460 706 invidia
470 651 625 716 admirante,
637 650 761 716 serebant,

91 742 164 781 nuno
172 724 273 780 decimo
282 724 404 781 admittor
413 726 460 782 vix
471 743 521 800 ego
530 743 637 798 quoque
645 725 697 781 die.

54 802 133 856 Nune
141 799 223 854 iaoere
233 816 248 854 e
257 799 323 855 duro
332 817 428 872 eorpus
437 801 518 866 iuvat.
530 801 622 873 impia,
633 818 707 867 saxo,

92 891 196 929 sumere
205 881 231 928 et
239 873 268 929 in
278 882 378 931 nostras
388 883 451 931 tetre
461 893 561 932 venena
569 893 679 932 manus:
826 885 852 927 tt

54 966 128 1004 nuno
137 948 196 1004 lieet
204 949 234 1004 in
243 948 330 1004 triviis
338 949 405 1004 sieca
415 951 577 1024 requiescere
589 950 662 1016 luna,

93 1030 138 1078 aut
146 1041 193 1095 per
200 1024 311 1080 rimosas
321 1025 422 1080 mittere
431 1026 510 1082 verbe
520 1024 598 1081 fores.

55 1097 132 1164 Quod
141 1098 265 1170 quamvis
275 1098 309 1154 ita
319 1100 362 1165 sit,
375 1099 510 1156 dominam
520 1109 622 1156 mutare
631 1100 738 1156 cavebo.

92 1173 161 1227 Tum
171 1171 252 1238 flebit,
264 1189 350 1244 quum
359 1174 387 1229 in
398 1191 441 1229 me
449 1176 560 1230 senserit
568 1193 626 1230 esse
635 1174 724 1229 fidem.

296 1299 454 1343 usim
484 1299 558 1344 xlv.

54 1383 190 1447 Assiduae
199 1387 291 1444 multis
299 1387 390 1446 odium
399 1407 521 1462 peperere
529 1390 663 1464 querelas:

92 1464 148 1520 iren
170 1463 222 1519 itur
231 1463 260 1519 in
273 1463 456 1520 taeiteiemina
466 1483 543 1537 saepe
553 1466 619 1522 viro.

56 1539 84 1594 Si
96 1481 169 1612 quii
171 1539 271 1605 vidisti,
282 1557 385 1611 semper
394 1539 493 1596 vidisse
503 1548 608 1615 negate:
683 1561 684 1564 ¹

3 1629 4 1660 i
92 1614 169 1668 autsi
178 1614 244 1686 quid
254 1613 338 1670 doluit
346 1613 419 1680 forte,
431 1614 518 1670 dolere
528 1632 604 1688 nega.

3 1669 4 1734 i
55 1686 127 1753 Quin
136 1705 185 1762 ego
194 1687 320 1743 deminuo
329 1705 429 1754 curam,
439 1689 512 1761 quod
521 1707 597 1762 saepe
607 1689 710 1760 Cupido
842 1701 854 1742 5

3 1759 4 1832 j
92 1761 686 1828 huicmaiusessesolet‚euibpnusenteiuit.

3 1841 4 1856 ¹
56 1834 126 1902 Quid
136 1835 160 1889 si
170 1836 223 1891 iem
232 1837 305 1892 oanis
314 1843 383 1892 aetas
393 1854 451 1893 mea
461 1846 563 1894 caneret
571 1839 657 1902 annis,

93 1908 531 1988 etieeeretscissaslanguidaruga
540 1911 640 1987 genas?

56 1983 90 2039 Ar
99 2002 152 2041 non
162 1986 268 2042 Tithoni
277 2004 402 2059 spernens
411 1987 512 2044 Aurora
521 2003 651 2044 senectam

92 2057 605 2134 desertumeoapessaieeeredomoest.
827 2071 852 2112 1⁰

57 2132 135 2188 Illum
145 2152 222 2206 saepe
230 2137 287 2190 suis
297 2135 423 2192 decedens
432 2136 625 2202 iovitinulnis‚

93 2224 175 2278 quam
184 2209 260 2280 prius
269 2209 405 2265 adiunctos
413 2210 504 2265 sedula
514 2211 678 2282 lavitequos.

55 2281 136 2336 Illum
145 2280 179 2335 ed
188 2281 289 2337 vicinos
299 2300 385 2354 quum
394 2283 515 2356 amplexa
524 2285 668 2356 quieseeret
677 2282 764 2348 Indos,

93 2362 210 2410 maturos
220 2355 315 2410 iterum
325 2364 364 2411 est
373 2367 464 2428 questa
474 2357 559 2412 redire
567 2357 634 2412 dies.

55 2429 185 2495 Iliadem,
196 2446 305 2486 currum
314 2432 500 2498 conscendens,
516 2431 584 2488 dixit
592 2433 713 2505 iniquos:
827 2441 853 2485 15

93 2504 208 2560 invitum
218 2511 243 2560 et
251 2506 327 2560 terris
337 2505 602 2578 praestititoiiicium:

54 2579 99 2634 cui
114 2579 211 2635 maiora
221 2579 293 2635 senis
302 2581 408 2637 Tithoni
416 2583 514 2656 gaudia
526 2583 591 2648 vivi,

93 2671 175 2726 quam
184 2655 274 2729 gravis
284 2656 382 2714 amiso
393 2657 533 2714 Memnone
543 2657 629 2714 luctus
638 2665 702 2713 eret.
