<?xml version="1.0" encoding="UTF-8"?>
<!DOCTYPE html PUBLIC "-//W3C//DTD XHTML 1.0 Transitional//EN"
    "http://www.w3.org/TR/xhtml1/DTD/xhtml1-transitional.dtd">
<html xmlns="http://www.w3.org/1999/xhtml" xml:lang="en" lang="en">
 <head>
  <title>
</title>
<meta http-equiv="Content-Type" content="text/html;charset=utf-8" />
  <meta name='ocr-system' content='tesseract 3.04.00' />
  <meta name='ocr-capabilities' content='ocr_page ocr_carea ocr_par ocr_line ocrx_word'/>
</head>
<body>
  <div class='ocr_page' id='page_1' title='image "./catullitibullie00propgoog_0258.png"; bbox 0 0 2040 3030; ppageno 0'>
   <div class='ocr_carea' id='block_1_1' title="bbox 256 147 835 206">
    <p class='ocr_par' dir='ltr' id='par_1_1' title="bbox 256 147 835 206">
     <span class='ocr_line' id='line_1_1' title="bbox 256 147 835 206; baseline 0.002 -4"><span class='ocrx_word' id='word_1_1' title='bbox 256 148 328 202; x_wconf 88' lang='lat' dir='ltr'><strong>LlB.</strong></span> <span class='ocrx_word' id='word_1_2' title='bbox 349 149 386 202; x_wconf 91' lang='lat' dir='ltr'><strong>ll.</strong></span> <span class='ocrx_word' id='word_1_3' title='bbox 416 147 532 202; x_wconf 84' lang='lat' dir='ltr'><strong>ELEG.</strong></span> <span class='ocrx_word' id='word_1_4' title='bbox 553 148 670 203; x_wconf 88' lang='lat' dir='ltr'><strong>XXlll.</strong></span> <span class='ocrx_word' id='word_1_5' title='bbox 786 153 835 206; x_wconf 73' lang='lat' dir='ltr'><strong>2l3</strong></span> 
     </span>
    </p>
   </div>
   <div class='ocr_carea' id='block_1_2' title="bbox 84 255 886 2698">
    <p class='ocr_par' dir='ltr' id='par_1_2' title="bbox 127 255 671 328">
     <span class='ocr_line' id='line_1_2' title="bbox 127 255 671 328; baseline -0.002 -17"><span class='ocrx_word' id='word_1_6' title='bbox 127 263 243 328; x_wconf 86' lang='lat' dir='ltr'><strong>quatuor</strong></span> <span class='ocrx_word' id='word_1_7' title='bbox 253 255 372 321; x_wconf 86' lang='lat' dir='ltr'><strong>artifices,</strong></span> <span class='ocrx_word' id='word_1_8' title='bbox 384 255 475 310; x_wconf 81' lang='lat' dir='ltr'><strong>vivida</strong></span> <span class='ocrx_word' id='word_1_9' title='bbox 484 255 568 328; x_wconf 78' lang='lat' dir='ltr'><strong>signa,</strong></span> <span class='ocrx_word' id='word_1_10' title='bbox 581 255 671 310; x_wconf 88' lang='lat' dir='ltr'><strong>boves.</strong></span> 
     </span>
    </p>

    <p class='ocr_par' dir='ltr' id='par_1_3' title="bbox 84 329 788 477">
     <span class='ocr_line' id='line_1_3' title="bbox 84 329 788 404; baseline 0 -19"><span class='ocrx_word' id='word_1_11' title='bbox 84 333 161 386; x_wconf 82' lang='lat' dir='ltr'><strong>Tum</strong></span> <span class='ocrx_word' id='word_1_12' title='bbox 172 329 290 385; x_wconf 88' lang='lat' dir='ltr'><strong>medium</strong></span> <span class='ocrx_word' id='word_1_13' title='bbox 300 329 370 385; x_wconf 88' lang='lat' dir='ltr'><strong>clarc</strong></span> <span class='ocrx_word' id='word_1_14' title='bbox 379 330 503 404; x_wconf 79' lang='lat' dir='ltr'><strong>surgebat</strong></span> <span class='ocrx_word' id='word_1_15' title='bbox 511 346 641 385; x_wconf 87' lang='lat' dir='ltr'><strong>marmore</strong></span> <span class='ocrx_word' id='word_1_16' title='bbox 650 329 788 401; x_wconf 84' lang='lat' dir='ltr'><strong>templum,</strong></span> 
     </span>
     <span class='ocr_line' id='line_1_4' title="bbox 127 403 586 477; baseline -0.002 -18"><span class='ocrx_word' id='word_1_17' title='bbox 127 412 154 460; x_wconf 87' lang='lat' dir='ltr'><strong>ct</strong></span> <span class='ocrx_word' id='word_1_18' title='bbox 161 405 245 476; x_wconf 87' lang='lat' dir='ltr'><strong>patria</strong></span> <span class='ocrx_word' id='word_1_19' title='bbox 257 405 358 459; x_wconf 89' lang='lat' dir='ltr'><strong>Phoebo</strong></span> <span class='ocrx_word' id='word_1_20' title='bbox 368 404 454 459; x_wconf 84' lang='lat' dir='ltr'><strong>carius</strong></span> <span class='ocrx_word' id='word_1_21' title='bbox 464 403 586 477; x_wconf 78' lang='lat' dir='ltr'>Ortygia:</span> 
     </span>
    </p>

    <p class='ocr_par' dir='ltr' id='par_1_4' title="bbox 87 477 648 625">
     <span class='ocr_line' id='line_1_5' title="bbox 87 477 641 550; baseline -0.005 -16"><span class='ocrx_word' id='word_1_22' title='bbox 87 480 117 534; x_wconf 89' lang='lat' dir='ltr'><strong>in</strong></span> <span class='ocrx_word' id='word_1_23' title='bbox 130 496 187 550; x_wconf 91' lang='lat' dir='ltr'><strong>quo</strong></span> <span class='ocrx_word' id='word_1_24' title='bbox 195 478 263 533; x_wconf 88' lang='lat' dir='ltr'><strong>Solis</strong></span> <span class='ocrx_word' id='word_1_25' title='bbox 273 485 327 532; x_wconf 84' lang='lat' dir='ltr'><strong>erat</strong></span> <span class='ocrx_word' id='word_1_26' title='bbox 335 495 415 548; x_wconf 86' lang='lat' dir='ltr'><strong>supra</strong></span> <span class='ocrx_word' id='word_1_27' title='bbox 426 477 528 550; x_wconf 79' lang='lat' dir='ltr'><strong>fastigia</strong></span> <span class='ocrx_word' id='word_1_28' title='bbox 539 495 641 542; x_wconf 87' lang='lat' dir='ltr'><strong>currus,</strong></span> 
     </span>
     <span class='ocr_line' id='line_1_6' title="bbox 128 551 648 625; baseline -0.004 -18"><span class='ocrx_word' id='word_1_29' title='bbox 128 560 155 607; x_wconf 84' lang='lat' dir='ltr'><strong>et</strong></span> <span class='ocrx_word' id='word_1_30' title='bbox 165 551 265 616; x_wconf 88' lang='lat' dir='ltr'><strong>valvae,</strong></span> <span class='ocrx_word' id='word_1_31' title='bbox 278 552 371 625; x_wconf 85' lang='lat' dir='ltr'><strong>Libyci</strong></span> <span class='ocrx_word' id='word_1_32' title='bbox 381 551 469 607; x_wconf 86' lang='lat' dir='ltr'><strong>nobile</strong></span> <span class='ocrx_word' id='word_1_33' title='bbox 476 551 562 606; x_wconf 89' lang='lat' dir='ltr'><strong>dentis</strong></span> <span class='ocrx_word' id='word_1_34' title='bbox 571 568 648 622; x_wconf 92' lang='lat' dir='ltr'><strong>opus.</strong></span> 
     </span>
    </p>

    <p class='ocr_par' dir='ltr' id='par_1_5' title="bbox 87 625 647 756">
     <span class='ocr_line' id='line_1_7' title="bbox 87 625 647 690; baseline -0.007 -8"><span class='ocrx_word' id='word_1_35' title='bbox 87 627 179 682; x_wconf 81' lang='lat' dir='ltr'><strong>Altera</strong></span> <span class='ocrx_word' id='word_1_36' title='bbox 188 626 299 682; x_wconf 85' lang='lat' dir='ltr'><strong>deiectos</strong></span> <span class='ocrx_word' id='word_1_37' title='bbox 310 626 430 680; x_wconf 79' lang='lat' dir='ltr'><strong>Parnassi</strong></span> <span class='ocrx_word' id='word_1_38' title='bbox 444 626 539 681; x_wconf 86' lang='lat' dir='ltr'><strong>vertice</strong></span> <span class='ocrx_word' id='word_1_39' title='bbox 549 625 647 690; x_wconf 86' lang='lat' dir='ltr'><strong>Gallos,</strong></span> 
     </span>
     <span class='ocr_line' id='line_1_8' title="bbox 129 699 621 756; baseline -0.004 0"><span class='ocrx_word' id='word_1_40' title='bbox 129 701 209 756; x_wconf 87' lang='lat' dir='ltr'><strong>altera</strong></span> <span class='ocrx_word' id='word_1_41' title='bbox 220 700 351 756; x_wconf 86' lang='lat' dir='ltr'><strong>moerebat</strong></span> <span class='ocrx_word' id='word_1_42' title='bbox 360 699 451 755; x_wconf 83' lang='lat' dir='ltr'><strong>funera</strong></span> <span class='ocrx_word' id='word_1_43' title='bbox 462 699 621 754; x_wconf 85' lang='lat' dir='ltr'><strong>Tantalidos.</strong></span> 
     </span>
    </p>

    <p class='ocr_par' dir='ltr' id='par_1_6' title="bbox 90 774 805 923">
     <span class='ocr_line' id='line_1_9' title="bbox 90 774 805 846; baseline -0.003 -16"><span class='ocrx_word' id='word_1_44' title='bbox 90 775 192 831; x_wconf 83' lang='lat' dir='ltr'>Deinde</span> <span class='ocrx_word' id='word_1_45' title='bbox 201 775 268 830; x_wconf 81' lang='lat' dir='ltr'><strong>inter</strong></span> <span class='ocrx_word' id='word_1_46' title='bbox 278 782 387 829; x_wconf 86' lang='lat' dir='ltr'><strong>matrem</strong></span> <span class='ocrx_word' id='word_1_47' title='bbox 396 774 462 829; x_wconf 86' lang='lat' dir='ltr'><strong>deus</strong></span> <span class='ocrx_word' id='word_1_48' title='bbox 473 775 537 846; x_wconf 88' lang='lat' dir='ltr'><strong>ipsc,</strong></span> <span class='ocrx_word' id='word_1_49' title='bbox 550 774 670 846; x_wconf 85' lang='lat' dir='ltr'><strong>interque</strong></span> <span class='ocrx_word' id='word_1_50' title='bbox 682 789 805 838; x_wconf 84' lang='lat' dir='ltr'><strong>sororem,</strong></span> 
     </span>
     <span class='ocr_line' id='line_1_10' title="bbox 129 847 667 923; baseline 0 -19"><span class='ocrx_word' id='word_1_51' title='bbox 129 849 241 923; x_wconf 81' lang='lat' dir='ltr'><strong>Pythius</strong></span> <span class='ocrx_word' id='word_1_52' title='bbox 252 849 279 904; x_wconf 94' lang='lat' dir='ltr'><strong>in</strong></span> <span class='ocrx_word' id='word_1_53' title='bbox 290 847 367 922; x_wconf 77' lang='lat' dir='ltr'><strong>longa</strong></span> <span class='ocrx_word' id='word_1_54' title='bbox 376 849 492 904; x_wconf 86' lang='lat' dir='ltr'><strong>carmina</strong></span> <span class='ocrx_word' id='word_1_55' title='bbox 502 856 573 904; x_wconf 79' lang='lat' dir='ltr'><strong>veste</strong></span> <span class='ocrx_word' id='word_1_56' title='bbox 584 856 667 904; x_wconf 84' lang='lat' dir='ltr'><strong>sonat.</strong></span> 
     </span>
    </p>

    <p class='ocr_par' dir='ltr' id='par_1_7' title="bbox 89 923 648 1070">
     <span class='ocr_line' id='line_1_11' title="bbox 89 923 648 995; baseline 0 -17"><span class='ocrx_word' id='word_1_57' title='bbox 89 923 150 979; x_wconf 90' lang='lat' dir='ltr'><strong>lllic</strong></span> <span class='ocrx_word' id='word_1_58' title='bbox 159 923 288 995; x_wconf 84' lang='lat' dir='ltr'><strong>adspicias</strong></span> <span class='ocrx_word' id='word_1_59' title='bbox 298 923 412 995; x_wconf 79' lang='lat' dir='ltr'><strong>seopulis</strong></span> <span class='ocrx_word' id='word_1_60' title='bbox 426 924 530 978; x_wconf 83' lang='lat' dir='ltr'><strong>haerere</strong></span> <span class='ocrx_word' id='word_1_61' title='bbox 539 939 648 988; x_wconf 87' lang='lat' dir='ltr'><strong>sorores,</strong></span> 
     </span>
     <span class='ocr_line' id='line_1_12' title="bbox 128 997 634 1070; baseline 0 -17"><span class='ocrx_word' id='word_1_62' title='bbox 128 1005 154 1054; x_wconf 88' lang='lat' dir='ltr'><strong>et</strong></span> <span class='ocrx_word' id='word_1_63' title='bbox 163 1015 255 1053; x_wconf 85' lang='lat' dir='ltr'><strong>cancre</strong></span> <span class='ocrx_word' id='word_1_64' title='bbox 264 998 365 1070; x_wconf 83' lang='lat' dir='ltr'><strong>antiqui</strong></span> <span class='ocrx_word' id='word_1_65' title='bbox 376 997 462 1054; x_wconf 87' lang='lat' dir='ltr'><strong>dulcia</strong></span> <span class='ocrx_word' id='word_1_66' title='bbox 473 997 541 1054; x_wconf 86' lang='lat' dir='ltr'><strong>furta</strong></span> <span class='ocrx_word' id='word_1_67' title='bbox 551 1000 634 1054; x_wconf 81' lang='lat' dir='ltr'><strong>lovis:</strong></span> 
     </span>
    </p>

    <p class='ocr_par' dir='ltr' id='par_1_8' title="bbox 90 1071 749 1218">
     <span class='ocr_line' id='line_1_13' title="bbox 90 1071 749 1144; baseline -0.006 -17"><span class='ocrx_word' id='word_1_68' title='bbox 90 1080 121 1127; x_wconf 91' lang='lat' dir='ltr'><strong>ut</strong></span> <span class='ocrx_word' id='word_1_69' title='bbox 131 1071 232 1127; x_wconf 87' lang='lat' dir='ltr'><strong>Semela</strong></span> <span class='ocrx_word' id='word_1_70' title='bbox 242 1080 281 1126; x_wconf 84' lang='lat' dir='ltr'><strong>est</strong></span> <span class='ocrx_word' id='word_1_71' title='bbox 289 1073 451 1138; x_wconf 85' lang='lat' dir='ltr'><strong>combustus,</strong></span> <span class='ocrx_word' id='word_1_72' title='bbox 462 1081 493 1128; x_wconf 91' lang='lat' dir='ltr'><strong>ut</strong></span> <span class='ocrx_word' id='word_1_73' title='bbox 501 1081 540 1128; x_wconf 90' lang='lat' dir='ltr'><strong>est</strong></span> <span class='ocrx_word' id='word_1_74' title='bbox 549 1072 698 1144; x_wconf 86' lang='lat' dir='ltr'><strong>deperditus</strong></span> <span class='ocrx_word' id='word_1_75' title='bbox 709 1075 749 1128; x_wconf 90' lang='lat' dir='ltr'><strong>lc:</strong></span> 
     </span>
     <span class='ocr_line' id='line_1_14' title="bbox 129 1146 679 1218; baseline -0.002 -17"><span class='ocrx_word' id='word_1_76' title='bbox 129 1147 244 1218; x_wconf 83' lang='lat' dir='ltr'><strong>denique</strong></span> <span class='ocrx_word' id='word_1_77' title='bbox 253 1153 283 1200; x_wconf 92' lang='lat' dir='ltr'><strong>ut</strong></span> <span class='ocrx_word' id='word_1_78' title='bbox 293 1146 326 1200; x_wconf 88' lang='lat' dir='ltr'><strong>ad</strong></span> <span class='ocrx_word' id='word_1_79' title='bbox 336 1148 427 1202; x_wconf 83' lang='lat' dir='ltr'><strong>Troiae</strong></span> <span class='ocrx_word' id='word_1_80' title='bbox 435 1156 500 1201; x_wconf 81' lang='lat' dir='ltr'><strong>tecta</strong></span> <span class='ocrx_word' id='word_1_81' title='bbox 510 1147 603 1202; x_wconf 86' lang='lat' dir='ltr'><strong>volarit</strong></span> <span class='ocrx_word' id='word_1_82' title='bbox 612 1148 679 1202; x_wconf 89' lang='lat' dir='ltr'><strong>avis.</strong></span> 
     </span>
    </p>

    <p class='ocr_par' dir='ltr' id='par_1_9' title="bbox 90 1220 732 1364">
     <span class='ocr_line' id='line_1_15' title="bbox 90 1220 732 1293; baseline -0.002 -18"><span class='ocrx_word' id='word_1_83' title='bbox 90 1220 145 1288; x_wconf 88' lang='lat' dir='ltr'><strong>Qui</strong></span> <span class='ocrx_word' id='word_1_84' title='bbox 155 1220 234 1285; x_wconf 87' lang='lat' dir='ltr'><strong>videt,</strong></span> <span class='ocrx_word' id='word_1_85' title='bbox 247 1220 270 1273; x_wconf 89' lang='lat' dir='ltr'><strong>is</strong></span> <span class='ocrx_word' id='word_1_86' title='bbox 278 1228 378 1290; x_wconf 82' lang='lat' dir='ltr'><strong>peccat:</strong></span> <span class='ocrx_word' id='word_1_87' title='bbox 400 1221 509 1291; x_wconf 88' lang='lat' dir='ltr'><strong>quinon</strong></span> <span class='ocrx_word' id='word_1_88' title='bbox 521 1228 545 1274; x_wconf 79' lang='lat' dir='ltr'><strong>te</strong></span> <span class='ocrx_word' id='word_1_89' title='bbox 555 1221 658 1284; x_wconf 85' lang='lat' dir='ltr'><strong>viderit,</strong></span> <span class='ocrx_word' id='word_1_90' title='bbox 670 1237 732 1293; x_wconf 82' lang='lat' dir='ltr'><strong>ergo</strong></span> 
     </span>
     <span class='ocr_line' id='line_1_16' title="bbox 130 1292 692 1364; baseline -0.004 -15"><span class='ocrx_word' id='word_1_91' title='bbox 130 1311 183 1349; x_wconf 93' lang='lat' dir='ltr'><strong>non</strong></span> <span class='ocrx_word' id='word_1_92' title='bbox 192 1294 291 1364; x_wconf 91' lang='lat' dir='ltr'><strong>cupiet:</strong></span> <span class='ocrx_word' id='word_1_93' title='bbox 312 1292 372 1347; x_wconf 85' lang='lat' dir='ltr'><strong>iacti</strong></span> <span class='ocrx_word' id='word_1_94' title='bbox 381 1294 492 1348; x_wconf 91' lang='lat' dir='ltr'><strong>crimina</strong></span> <span class='ocrx_word' id='word_1_95' title='bbox 503 1294 592 1348; x_wconf 87' lang='lat' dir='ltr'><strong>lumen</strong></span> <span class='ocrx_word' id='word_1_96' title='bbox 605 1294 692 1348; x_wconf 84' lang='lat' dir='ltr'><strong>habet.</strong></span> 
     </span>
    </p>

    <p class='ocr_par' dir='ltr' id='par_1_10' title="bbox 91 1367 723 1514">
     <span class='ocr_line' id='line_1_17' title="bbox 91 1367 723 1437; baseline -0.003 -14"><span class='ocrx_word' id='word_1_97' title='bbox 91 1367 169 1436; x_wconf 86' lang='lat' dir='ltr'><strong>Quod</strong></span> <span class='ocrx_word' id='word_1_98' title='bbox 178 1368 202 1421; x_wconf 91' lang='lat' dir='ltr'><strong>si</strong></span> <span class='ocrx_word' id='word_1_99' title='bbox 211 1383 289 1422; x_wconf 85' lang='lat' dir='ltr'><strong>nemo</strong></span> <span class='ocrx_word' id='word_1_100' title='bbox 297 1374 388 1431; x_wconf 82' lang='lat' dir='ltr'><strong>exstat,</strong></span> <span class='ocrx_word' id='word_1_101' title='bbox 401 1367 448 1437; x_wconf 91' lang='lat' dir='ltr'><strong>qui</strong></span> <span class='ocrx_word' id='word_1_102' title='bbox 459 1367 550 1421; x_wconf 88' lang='lat' dir='ltr'><strong>vicerit</strong></span> <span class='ocrx_word' id='word_1_103' title='bbox 562 1367 631 1422; x_wconf 86' lang='lat' dir='ltr'><strong>alitis</strong></span> <span class='ocrx_word' id='word_1_104' title='bbox 642 1385 723 1428; x_wconf 83' lang='lat' dir='ltr'><strong>arma.</strong></span> 
     </span>
     <span class='ocr_line' id='line_1_18' title="bbox 129 1440 676 1514; baseline -0.007 -17"><span class='ocrx_word' id='word_1_105' title='bbox 129 1441 279 1498; x_wconf 91' lang='lat' dir='ltr'><strong>communis</strong></span> <span class='ocrx_word' id='word_1_106' title='bbox 288 1441 380 1511; x_wconf 85' lang='lat' dir='ltr'><strong>culpae</strong></span> <span class='ocrx_word' id='word_1_107' title='bbox 388 1458 435 1495; x_wconf 91' lang='lat' dir='ltr'><strong>cur</strong></span> <span class='ocrx_word' id='word_1_108' title='bbox 445 1458 505 1495; x_wconf 90' lang='lat' dir='ltr'><strong>reus</strong></span> <span class='ocrx_word' id='word_1_109' title='bbox 517 1459 586 1495; x_wconf 88' lang='lat' dir='ltr'><strong>unus</strong></span> <span class='ocrx_word' id='word_1_110' title='bbox 596 1440 676 1514; x_wconf 76' lang='lat' dir='ltr'><strong>agor?</strong></span> 
     </span>
    </p>

    <p class='ocr_par' dir='ltr' id='par_1_11' title="bbox 92 1513 678 1655">
     <span class='ocr_line' id='line_1_19' title="bbox 92 1513 678 1586; baseline -0.012 -13"><span class='ocrx_word' id='word_1_111' title='bbox 92 1518 149 1572; x_wconf 85' lang='lat' dir='ltr'><strong>Una</strong></span> <span class='ocrx_word' id='word_1_112' title='bbox 159 1523 309 1572; x_wconf 82' lang='lat' dir='ltr'><strong>contentum</strong></span> <span class='ocrx_word' id='word_1_113' title='bbox 319 1518 415 1586; x_wconf 82' lang='lat' dir='ltr'><strong>pudeat</strong></span> <span class='ocrx_word' id='word_1_114' title='bbox 424 1532 467 1570; x_wconf 89' lang='lat' dir='ltr'><strong>me</strong></span> <span class='ocrx_word' id='word_1_115' title='bbox 481 1516 568 1570; x_wconf 84' lang='lat' dir='ltr'><strong>vivere</strong></span> <span class='ocrx_word' id='word_1_116' title='bbox 576 1513 678 1570; x_wconf 72' lang='lat' dir='ltr'><strong>amica?</strong></span> 
     </span>
     <span class='ocr_line' id='line_1_20' title="bbox 129 1589 677 1655; baseline -0.004 -10"><span class='ocrx_word' id='word_1_117' title='bbox 129 1593 183 1646; x_wconf 88' lang='lat' dir='ltr'><strong>lloc</strong></span> <span class='ocrx_word' id='word_1_118' title='bbox 191 1592 214 1645; x_wconf 89' lang='lat' dir='ltr'><strong>si</strong></span> <span class='ocrx_word' id='word_1_119' title='bbox 225 1591 324 1645; x_wconf 85' lang='lat' dir='ltr'><strong>crimen</strong></span> <span class='ocrx_word' id='word_1_120' title='bbox 333 1591 390 1655; x_wconf 80' lang='lat' dir='ltr'><strong>erit,</strong></span> <span class='ocrx_word' id='word_1_121' title='bbox 403 1591 502 1644; x_wconf 77' lang='lat' dir='ltr'><strong>crimen</strong></span> <span class='ocrx_word' id='word_1_122' title='bbox 512 1590 609 1644; x_wconf 88' lang='lat' dir='ltr'><strong>amoris</strong></span> <span class='ocrx_word' id='word_1_123' title='bbox 619 1589 677 1644; x_wconf 89' lang='lat' dir='ltr'><strong>erit.</strong></span> 
     </span>
    </p>

    <p class='ocr_par' dir='ltr' id='par_1_12' title="bbox 92 1663 747 1811">
     <span class='ocr_line' id='line_1_21' title="bbox 92 1663 747 1737; baseline -0.006 -17"><span class='ocrx_word' id='word_1_124' title='bbox 92 1667 127 1721; x_wconf 85' lang='lat' dir='ltr'><strong>Ml</strong></span> <span class='ocrx_word' id='word_1_125' title='bbox 139 1682 216 1720; x_wconf 82' lang='lat' dir='ltr'><strong>nemo</strong></span> <span class='ocrx_word' id='word_1_126' title='bbox 224 1665 338 1730; x_wconf 83' lang='lat' dir='ltr'><strong>obiiciat,</strong></span> <span class='ocrx_word' id='word_1_127' title='bbox 351 1663 429 1719; x_wconf 86' lang='lat' dir='ltr'><strong>libeat</strong></span> <span class='ocrx_word' id='word_1_128' title='bbox 437 1665 495 1730; x_wconf 82' lang='lat' dir='ltr'><strong>tibi,</strong></span> <span class='ocrx_word' id='word_1_129' title='bbox 508 1664 631 1737; x_wconf 84' lang='lat' dir='ltr'><strong>Cynthia,</strong></span> <span class='ocrx_word' id='word_1_130' title='bbox 644 1680 747 1717; x_wconf 85' lang='lat' dir='ltr'><strong>mecum</strong></span> 
     </span>
     <span class='ocr_line' id='line_1_22' title="bbox 129 1738 636 1811; baseline -0.002 -18"><span class='ocrx_word' id='word_1_131' title='bbox 129 1738 229 1794; x_wconf 88' lang='lat' dir='ltr'><strong>roscida</strong></span> <span class='ocrx_word' id='word_1_132' title='bbox 239 1739 369 1792; x_wconf 76' lang='lat' dir='ltr'><strong>muscosis</strong></span> <span class='ocrx_word' id='word_1_133' title='bbox 378 1747 451 1794; x_wconf 84' lang='lat' dir='ltr'><strong>antra</strong></span> <span class='ocrx_word' id='word_1_134' title='bbox 461 1747 547 1794; x_wconf 82' lang='lat' dir='ltr'><strong>tencre</strong></span> <span class='ocrx_word' id='word_1_135' title='bbox 556 1738 636 1811; x_wconf 82' lang='lat' dir='ltr'><strong>iugis.</strong></span> 
     </span>
    </p>

    <p class='ocr_par' dir='ltr' id='par_1_13' title="bbox 92 1813 801 1960">
     <span class='ocr_line' id='line_1_23' title="bbox 92 1813 690 1886; baseline 0 -18"><span class='ocrx_word' id='word_1_136' title='bbox 92 1816 145 1868; x_wconf 91' lang='lat' dir='ltr'><strong>Nec</strong></span> <span class='ocrx_word' id='word_1_137' title='bbox 153 1821 181 1868; x_wconf 92' lang='lat' dir='ltr'><strong>tu</strong></span> <span class='ocrx_word' id='word_1_138' title='bbox 193 1813 347 1886; x_wconf 79' lang='lat' dir='ltr'><strong>Virginibus</strong></span> <span class='ocrx_word' id='word_1_139' title='bbox 357 1813 500 1868; x_wconf 87' lang='lat' dir='ltr'><strong>reverentia</strong></span> <span class='ocrx_word' id='word_1_140' title='bbox 510 1813 624 1868; x_wconf 90' lang='lat' dir='ltr'><strong>moveris</strong></span> <span class='ocrx_word' id='word_1_141' title='bbox 633 1829 690 1868; x_wconf 84' lang='lat' dir='ltr'><strong>cra:</strong></span> 
     </span>
     <span class='ocr_line' id='line_1_24' title="bbox 128 1887 801 1960; baseline 0 -18"><span class='ocrx_word' id='word_1_142' title='bbox 128 1887 288 1960; x_wconf 86' lang='lat' dir='ltr'><strong>hicquoque</strong></span> <span class='ocrx_word' id='word_1_143' title='bbox 297 1905 348 1942; x_wconf 92' lang='lat' dir='ltr'><strong>non</strong></span> <span class='ocrx_word' id='word_1_144' title='bbox 362 1889 453 1953; x_wconf 89' lang='lat' dir='ltr'><strong>nescit,</strong></span> <span class='ocrx_word' id='word_1_145' title='bbox 466 1887 533 1960; x_wconf 88' lang='lat' dir='ltr'><strong>quid</strong></span> <span class='ocrx_word' id='word_1_146' title='bbox 542 1888 576 1942; x_wconf 90' lang='lat' dir='ltr'><strong>sit</strong></span> <span class='ocrx_word' id='word_1_147' title='bbox 585 1905 681 1952; x_wconf 84' lang='lat' dir='ltr'><strong>amare,</strong></span> <span class='ocrx_word' id='word_1_148' title='bbox 697 1888 801 1952; x_wconf 81' lang='lat' dir='ltr'><strong>chorus,</strong></span> 
     </span>
    </p>

    <p class='ocr_par' dir='ltr' id='par_1_14' title="bbox 91 1961 706 2109">
     <span class='ocr_line' id='line_1_25' title="bbox 91 1961 706 2036; baseline 0 -18"><span class='ocrx_word' id='word_1_149' title='bbox 91 1963 113 2018; x_wconf 88' lang='lat' dir='ltr'><strong>si</strong></span> <span class='ocrx_word' id='word_1_150' title='bbox 124 1970 210 2018; x_wconf 78' lang='lat' dir='ltr'><strong>tamur</strong></span> <span class='ocrx_word' id='word_1_151' title='bbox 219 1961 314 2036; x_wconf 81' lang='lat' dir='ltr'><strong>Oeagri</strong></span> <span class='ocrx_word' id='word_1_152' title='bbox 323 1962 453 2035; x_wconf 84' lang='lat' dir='ltr'><strong>quaedam</strong></span> <span class='ocrx_word' id='word_1_153' title='bbox 463 1980 611 2034; x_wconf 88' lang='lat' dir='ltr'><strong>compressa</strong></span> <span class='ocrx_word' id='word_1_154' title='bbox 622 1963 706 2036; x_wconf 79' lang='lat' dir='ltr'><strong>figura</strong></span> 
     </span>
     <span class='ocr_line' id='line_1_26' title="bbox 127 2037 586 2109; baseline 0.004 -19"><span class='ocrx_word' id='word_1_155' title='bbox 127 2037 249 2092; x_wconf 87' lang='lat' dir='ltr'><strong>Bistoniis</strong></span> <span class='ocrx_word' id='word_1_156' title='bbox 258 2037 322 2093; x_wconf 89' lang='lat' dir='ltr'><strong>clim</strong></span> <span class='ocrx_word' id='word_1_157' title='bbox 333 2039 445 2109; x_wconf 89' lang='lat' dir='ltr'><strong>rupibus</strong></span> <span class='ocrx_word' id='word_1_158' title='bbox 455 2039 586 2094; x_wconf 88' lang='lat' dir='ltr'><strong>accubuit.</strong></span> 
     </span>
    </p>

    <p class='ocr_par' dir='ltr' id='par_1_15' title="bbox 93 2111 709 2260">
     <span class='ocr_line' id='line_1_27' title="bbox 93 2111 709 2183; baseline 0.013 -19"><span class='ocrx_word' id='word_1_159' title='bbox 93 2112 138 2165; x_wconf 88' lang='lat' dir='ltr'><strong>llic</strong></span> <span class='ocrx_word' id='word_1_160' title='bbox 146 2111 193 2165; x_wconf 88' lang='lat' dir='ltr'><strong>ubi</strong></span> <span class='ocrx_word' id='word_1_161' title='bbox 204 2129 246 2166; x_wconf 90' lang='lat' dir='ltr'><strong>me</strong></span> <span class='ocrx_word' id='word_1_162' title='bbox 256 2112 340 2183; x_wconf 89' lang='lat' dir='ltr'><strong>prima</strong></span> <span class='ocrx_word' id='word_1_163' title='bbox 350 2121 463 2168; x_wconf 81' lang='lat' dir='ltr'><strong>statuant</strong></span> <span class='ocrx_word' id='word_1_164' title='bbox 473 2115 499 2168; x_wconf 93' lang='lat' dir='ltr'><strong>in</strong></span> <span class='ocrx_word' id='word_1_165' title='bbox 511 2122 583 2180; x_wconf 81' lang='lat' dir='ltr'><strong>parte</strong></span> <span class='ocrx_word' id='word_1_166' title='bbox 593 2113 709 2172; x_wconf 72' lang='lat' dir='ltr'><strong>choreae,</strong></span> 
     </span>
     <span class='ocr_line' id='line_1_28' title="bbox 128 2185 665 2260; baseline 0.004 -22"><span class='ocrx_word' id='word_1_167' title='bbox 128 2191 152 2238; x_wconf 88' lang='lat' dir='ltr'><strong>et</strong></span> <span class='ocrx_word' id='word_1_168' title='bbox 162 2185 265 2239; x_wconf 90' lang='lat' dir='ltr'><strong>medius</strong></span> <span class='ocrx_word' id='word_1_169' title='bbox 276 2185 349 2240; x_wconf 88' lang='lat' dir='ltr'><strong>docta</strong></span> <span class='ocrx_word' id='word_1_170' title='bbox 360 2189 469 2260; x_wconf 80' lang='lat' dir='ltr'><strong>cuspide</strong></span> <span class='ocrx_word' id='word_1_171' title='bbox 478 2189 595 2242; x_wconf 86' lang='lat' dir='ltr'><strong>Bacchus</strong></span> <span class='ocrx_word' id='word_1_172' title='bbox 605 2189 665 2241; x_wconf 85' lang='lat' dir='ltr'><strong>erit:</strong></span> 
     </span>
    </p>

    <p class='ocr_par' dir='ltr' id='par_1_16' title="bbox 94 2259 717 2408">
     <span class='ocr_line' id='line_1_29' title="bbox 94 2259 705 2334; baseline 0.007 -23"><span class='ocrx_word' id='word_1_173' title='bbox 94 2267 147 2312; x_wconf 90' lang='lat' dir='ltr'><strong>tum</strong></span> <span class='ocrx_word' id='word_1_174' title='bbox 156 2259 234 2329; x_wconf 89' lang='lat' dir='ltr'><strong>capiti</strong></span> <span class='ocrx_word' id='word_1_175' title='bbox 244 2275 330 2313; x_wconf 88' lang='lat' dir='ltr'><strong>sacros</strong></span> <span class='ocrx_word' id='word_1_176' title='bbox 339 2261 423 2330; x_wconf 85' lang='lat' dir='ltr'><strong>patiar</strong></span> <span class='ocrx_word' id='word_1_177' title='bbox 432 2261 544 2332; x_wconf 85' lang='lat' dir='ltr'><strong>pendere</strong></span> <span class='ocrx_word' id='word_1_178' title='bbox 553 2261 705 2334; x_wconf 73' lang='lat' dir='ltr'><strong>corymboe3</strong></span> 
     </span>
     <span class='ocr_line' id='line_1_30' title="bbox 128 2333 717 2408; baseline 0.003 -22"><span class='ocrx_word' id='word_1_179' title='bbox 128 2351 189 2386; x_wconf 91' lang='lat' dir='ltr'><strong>nam</strong></span> <span class='ocrx_word' id='word_1_180' title='bbox 198 2333 256 2388; x_wconf 90' lang='lat' dir='ltr'><strong>sine</strong></span> <span class='ocrx_word' id='word_1_181' title='bbox 265 2339 290 2387; x_wconf 86' lang='lat' dir='ltr'><strong>te</strong></span> <span class='ocrx_word' id='word_1_182' title='bbox 299 2341 418 2388; x_wconf 85' lang='lat' dir='ltr'><strong>nostrum</strong></span> <span class='ocrx_word' id='word_1_183' title='bbox 429 2352 482 2390; x_wconf 89' lang='lat' dir='ltr'><strong>non</strong></span> <span class='ocrx_word' id='word_1_184' title='bbox 493 2335 561 2389; x_wconf 87' lang='lat' dir='ltr'><strong>valet</strong></span> <span class='ocrx_word' id='word_1_185' title='bbox 570 2336 717 2408; x_wconf 79' lang='lat' dir='ltr'><strong>ingenium.</strong></span> 
     </span>
    </p>

    <p class='ocr_par' dir='ltr' id='par_1_17' title="bbox 94 2408 763 2555">
     <span class='ocr_line' id='line_1_31' title="bbox 94 2408 763 2482; baseline 0.006 -20"><span class='ocrx_word' id='word_1_186' title='bbox 94 2408 144 2462; x_wconf 90' lang='lat' dir='ltr'><strong>llcc</strong></span> <span class='ocrx_word' id='word_1_187' title='bbox 151 2408 253 2462; x_wconf 89' lang='lat' dir='ltr'><strong>utinam</strong></span> <span class='ocrx_word' id='word_1_188' title='bbox 263 2408 374 2478; x_wconf 85' lang='lat' dir='ltr'><strong>spatiere</strong></span> <span class='ocrx_word' id='word_1_189' title='bbox 383 2408 448 2474; x_wconf 92' lang='lat' dir='ltr'><strong>loco,</strong></span> <span class='ocrx_word' id='word_1_190' title='bbox 459 2409 639 2482; x_wconf 84' lang='lat' dir='ltr'><strong>quodcunque</strong></span> <span class='ocrx_word' id='word_1_191' title='bbox 648 2408 763 2466; x_wconf 75' lang='lat' dir='ltr'><strong>vacabis.</strong></span> 
     </span>
     <span class='ocr_line' id='line_1_32' title="bbox 128 2481 720 2555; baseline 0.002 -18"><span class='ocrx_word' id='word_1_192' title='bbox 128 2482 254 2555; x_wconf 83' lang='lat' dir='ltr'><strong>Cynthia:</strong></span> <span class='ocrx_word' id='word_1_193' title='bbox 276 2481 629 2540; x_wconf 80' lang='lat' dir='ltr'><strong>sedtibimecredereturba</strong></span> <span class='ocrx_word' id='word_1_194' title='bbox 641 2493 720 2550; x_wconf 85' lang='lat' dir='ltr'><strong>vctat;</strong></span> 
     </span>
    </p>

    <p class='ocr_par' dir='ltr' id='par_1_18' title="bbox 93 2557 886 2698">
     <span class='ocr_line' id='line_1_33' title="bbox 93 2557 714 2630; baseline 0.006 -19"><span class='ocrx_word' id='word_1_195' title='bbox 93 2574 174 2630; x_wconf 91' lang='lat' dir='ltr'><strong>quum</strong></span> <span class='ocrx_word' id='word_1_196' title='bbox 184 2557 255 2612; x_wconf 86' lang='lat' dir='ltr'><strong>videt</strong></span> <span class='ocrx_word' id='word_1_197' title='bbox 263 2559 378 2613; x_wconf 87' lang='lat' dir='ltr'><strong>accensis</strong></span> <span class='ocrx_word' id='word_1_198' title='bbox 387 2559 509 2615; x_wconf 88' lang='lat' dir='ltr'><strong>devotam</strong></span> <span class='ocrx_word' id='word_1_199' title='bbox 519 2575 622 2614; x_wconf 85' lang='lat' dir='ltr'><strong>currere</strong></span> <span class='ocrx_word' id='word_1_200' title='bbox 632 2559 714 2615; x_wconf 87' lang='lat' dir='ltr'><strong>taedis</strong></span> 
     </span>
     <span class='ocr_line' id='line_1_34' title="bbox 128 2633 886 2698; baseline 0.003 -12"><span class='ocrx_word' id='word_1_201' title='bbox 128 2633 153 2687; x_wconf 90' lang='lat' dir='ltr'><strong>in</strong></span> <span class='ocrx_word' id='word_1_202' title='bbox 163 2650 266 2698; x_wconf 85' lang='lat' dir='ltr'><strong>nemus,</strong></span> <span class='ocrx_word' id='word_1_203' title='bbox 278 2639 303 2687; x_wconf 85' lang='lat' dir='ltr'><strong>et</strong></span> <span class='ocrx_word' id='word_1_204' title='bbox 313 2634 416 2690; x_wconf 84' lang='lat' dir='ltr'><strong>Triviae</strong></span> <span class='ocrx_word' id='word_1_205' title='bbox 426 2633 528 2692; x_wconf 87' lang='lat' dir='ltr'><strong>lumina</strong></span> <span class='ocrx_word' id='word_1_206' title='bbox 538 2633 683 2691; x_wconf 82' lang='lat' dir='ltr'><strong>ferredcac.</strong></span> <span class='ocrx_word' id='word_1_207' title='bbox 860 2643 886 2688; x_wconf 78' lang='lat' dir='ltr'><strong>lc</strong></span> 
     </span>
    </p>
   </div>
   <div class='ocr_carea' id='block_1_3' title="bbox 0 0 1033 3030">
    <p class='ocr_par' dir='ltr' id='par_1_19' title="bbox 0 0 1033 3030">
     <span class='ocr_line' id='line_1_35' title="bbox 0 0 1033 3030; baseline 0 0"><span class='ocrx_word' id='word_1_208' title='bbox 0 0 1033 3030; x_wconf 95' lang='lat' dir='ltr'><strong> </strong></span> 
     </span>
    </p>
   </div>
  </div>
 </body>
</html>
