2028 3034
206 159 238 210 so
496 153 665 209 curuum

276 234 292 261 ,r

219 257 431 377 sexvlll.
461 316 507 358 ΑΙ]
537 315 758 360 IUVENTlL'lll.

207 399 335 477 Surripui
347 405 410 468 tibi,
424 404 490 460 dum
504 405 588 472 ludis,
603 405 701 461 mellite
714 406 827 471 Iuventi,

141 506 146 514 ’
242 479 372 535 saviolum
386 478 457 534 dulci
470 479 575 536 dulcius
588 481 728 535 ambrosia.

205 557 303 610 Verum
313 554 341 609 id
351 571 402 608 non
415 555 524 625 impune
533 554 595 609 tuli:
607 572 723 626 namque
732 554 847 625 amplius
856 553 947 608 horam
1000 539 1001 576 t

241 628 371 684 suffixum
383 630 411 682 in
424 645 530 683 summa
542 646 585 684 rne
597 629 707 683 memini
719 645 776 682 ease
788 645 873 692 cruce,

151 716 162 756 5
205 704 270 758 dum
284 703 331 756 tibi
345 719 388 758 me
399 719 493 775 purgo,
509 720 556 758 nec
567 720 676 774 possum
690 701 794 758 fletibus
807 701 870 757 ullis

242 776 375 832 tantillum
389 786 490 831 vostrae
501 777 605 832 demere
618 778 750 832 saevitiae.

205 853 272 905 Nam
285 850 365 905 simul
378 851 406 904 id
419 850 515 906 lactum
528 861 575 917 est,
591 853 683 907 multis
695 851 776 906 diluta
791 850 884 905 labella

241 925 361 980 abstersti
372 926 454 998 guttis
466 927 591 982 omnibus
603 927 730 992 articulis,

206 999 398 1071 nequidquam
411 1009 499 1054 nostro
511 1009 672 1056 contractum
685 1019 717 1056 ex
730 1017 774 1054 ore
787 1010 910 1062 maneret,

151 1085 177 1126 ιο
245 1081 380 1145 tamquam
394 1076 565 1130 comminctae
578 1094 673 1148 spurca
686 1075 768 1132 saliva
782 1073 869 1145 lupae.

205 1151 336 1202 Praeterea
349 1147 442 1203 infesto
455 1149 582 1204 miserum
596 1169 638 1205 me
651 1150 750 1206 tradere
762 1149 851 1203 Amori

242 1239 295 1277 non
308 1223 423 1288 cessasti,
437 1225 564 1296 omnique
575 1226 725 1280 excruciare
737 1223 829 1278 modo:

204 1305 235 1352 ut
243 1301 281 1352 ml
294 1314 327 1351 ex
339 1298 471 1352 ambrosio
483 1307 614 1355 mutatum
627 1301 680 1354 iarn
693 1298 757 1354 soret
770 1297 835 1352 illud

243 1371 375 1427 saviolum
388 1373 455 1431 tristi
469 1374 570 1430 tristius
583 1373 724 1429 helleboro.

151 1458 177 1500 15
207 1447 293 1514 Quam
306 1448 432 1518 quoniam
447 1465 557 1520 poenam
570 1450 665 1503 misero
678 1447 802 1519 proponis
817 1462 908 1505 amori,

242 1539 380 1594 nunquam
395 1524 446 1577 iarn
459 1523 567 1594 posthac
579 1523 650 1577 basia
664 1522 816 1593 surripiam.

272 1649 372 1694 .xclx.
403 1651 448 1693 DE
479 1651 609 1693 conum
638 1649 686 1692 ET
716 1647 883 1698 aulNTw.

207 1734 316 1796 Coelius
329 1741 491 1806 Aufilenum,
506 1750 532 1795 et
544 1741 668 1808 Quintius
681 1739 839 1804 Aufilenam,

242 1815 288 1870 llos
302 1817 480 1870 Veronensum
490 1815 632 1886 depereunt
644 1815 781 1878 iuvenum,

205 1891 249 1945 hic
259 1889 372 1954 fratrem,
385 1889 428 1943 ille
437 1906 561 1943 sororem.
573 1889 626 1942 Hoc
635 1888 754 1958 estquod
763 1887 858 1940 dicitur
870 1883 935 1939 illud

242 1964 384 2019 fraternum
399 1979 458 2017 vere
469 1962 546 2016 dulce
559 1960 719 2015 sodalitium.

151 2053 162 2093 u
204 2039 271 2106 Quoi
284 2037 385 2092 faveam
398 2034 503 2106 potius?
522 2034 602 2096 Coeli,
616 2035 679 2088 tibi:
708 2051 768 2088 nam
782 2043 825 2087 tua
840 2035 917 2090 nohis

241 2110 350 2183 perlecto
363 2110 478 2182 exigitur
489 2109 567 2164 unica
580 2109 702 2174 amicitia,

205 2203 290 2258 quum
303 2201 398 2238 vesana
412 2201 484 2239 meas
493 2191 599 2238 torreret
611 2181 716 2238 flamma
727 2182 867 2238 medullas.

242 2259 284 2314 Sis
297 2257 368 2323 felix,
384 2257 468 2326 Coeli;
484 2259 522 2312 sis
535 2259 562 2313 in
575 2275 664 2313 amore
676 2266 774 2330 potens.

208 2390 233 2429 C.
267 2387 448 2432 tunultu
483 2389 529 2431 ΑΙ]
564 2387 723 2432 lllldTlllS
753 2387 948 2432 TUMULUM.

205 2469 309 2534 Multas
322 2496 368 2551 per
380 2487 470 2554 gentes
483 2488 507 2534 et
520 2479 602 2535 multa
615 2497 662 2552 per
674 2495 785 2551 aequora
799 2486 890 2534 vectus

242 2554 354 2610 advenio
366 2555 414 2610 has
427 2556 550 2621 miseras,
565 2554 650 2618 frater,
666 2553 699 2608 ad
712 2553 826 2619 inferias,

205 2637 235 2686 ut
248 2639 272 2685 te
285 2639 416 2703 postremo
428 2631 551 2688 donarem
566 2647 675 2686 munere
688 2630 787 2692 mortis,
