2020 3036
251 145 460 203 CARMINUM
479 147 606 202 LIBER.
765 151 793 201 Ἡ

92 271 139 324 pro
151 253 252 320 multis,
267 253 330 319 Alli,
345 253 581 323 redditurofficiis;
814 269 852 310 ιιι

57 344 89 381 ue
102 337 218 384 vestrum
232 329 323 383 scabra
336 336 425 402 tangat
437 330 560 401 rubigine
573 346 669 384 nomen

91 401 155 457 haee
167 410 247 476 atque
256 402 302 457 illa
314 403 379 468 diu,
392 413 470 474 aeque
482 403 541 468 alia,
556 411 635 474 atque
646 404 705 459 aliu.

57 475 112 530 Huc
123 477 220 532 addent
231 478 288 532 divi
301 494 382 549 quam
395 477 519 548 plurima,
534 495 602 563 quae
614 479 721 533 Themis
734 481 798 533 olim

92 552 208 624 antiquis
221 551 297 606 solita
309 559 349 606 est
360 568 469 606 munera
482 550 549 606 ferre
542 553 622 622 piis.

56 623 116 679 Sitis
130 625 219 680 felices
230 633 256 680 et
267 633 296 680 tu
309 625 399 690 simul
414 633 440 679 et
452 635 496 680 tua
509 629 571 690 vita,
814 640 852 682 155

91 707 116 754 et
127 700 243 756 domus'
236 718 302 772 lpse,
318 701 345 755 in
358 717 412 772 qun
425 699 547 764 lusimus
562 709 587 756 et
599 701 719 767 domium

56 781 79 826 et
90 775 137 846 qui
149 775 280 860 priucipio
293 775 370 830 nobie
383 783 477 830 terram
489 775 569 842 dedu,
584 794 598 830 a
611 793 666 848 quo

91 857 153 904 suut
164 850 252 920 primo
264 849 341 904 nobis
353 850 442 904 omnia
454 857 514 904 nata
526 849 608 918 bonu3

56 929 86 985 et
102 922 179 996 longe
191 931 252 978 ante
263 940 355 978 omnes
368 923 435 977 mihi
447 940 515 995 quae
528 941 570 979 me
582 925 665 980 carior
678 927 735 996 ipso
747 934 793 992 est

92 995 137 1052 lux
150 1013 218 1062 mea,
233 1014 287 1070 qua
300 997 361 1052 viva
375 1015 463 1053 urere
474 997 551 1053 dulce
563 999 630 1054 mihi
643 1008 690 1054 est.
813 1012 850 1054 ιιι

256 1125 357 1168 LXIX.
386 1126 433 1169 Au
463 1127 598 1171 RUFUM

57 1203 119 1269 Noli
131 1217 266 1281 admirari,
281 1233 363 1288 quare
374 1215 423 1272 tibi
436 1215 532 1272 femina
547 1218 629 1283 nullu,

91 1290 163 1356 Rufe
175 1292 240 1348 velit
251 1299 370 1346 tenerum
383 1293 554 1362 supposuisse
566 1291 666 1347 femur:

58 1379 106 1418 non
118 1383 141 1419 ει
134 1365 224 1421 illum
239 1383 312 1420 rarae
324 1363 461 1419 labefactes
473 1382 582 1420 munere
596 1368 684 1431 vestis,

91 1447 134 1493 eut
145 1439 302 1512 pelluciduli
315 1439 416 1494 deliciis
429 1439 535 1511 lapidis.

56 1511 142 1567 Laedit
153 1523 177 1569 te
189 1513 321 1587 quaedam
331 1512 401 1569 mala
413 1513 511 1578 fabula,
526 1532 580 1586 qua
589 1515 638 1569 tibi
650 1515 732 1572 fertur
839 1533 849 1572 5

91 1588 156 1644 valle
166 1590 217 1644 sub
232 1588 335 1643 elerum
347 1596 410 1644 trux
422 1587 541 1644 habitare
549 1607 635 1661 cuper.

55 1661 127 1716 Hunc
144 1670 268 1719 metuunt
285 1680 390 1718 omnes:
410 1680 496 1735 neque
510 1663 623 1790 mirulrriu
648 1682 710 1719 num
727 1667 796 1722 mala

547 1755 577 1790 va
607 1755 621 1790 e
634 1746 673 1792 est

88 1811 177 1878 bestia,
194 1827 243 1867 neo
255 1815 366 1882 quicum
379 1810 447 1865 bella
459 1809 547 1882 puella
557 1812 643 1866 cubet.

53 1883 136 1948 Quare
148 1893 193 1941 aut
202 1885 336 1941 crudelem
350 1903 474 1940 uasorum
488 1885 603 1941 iuterfioe
614 1894 722 1957 pestem,

88 1967 133 2014 aut
145 1959 271 2015 admirari
284 1959 384 2024 desine,
399 1977 447 2015 eur
460 1958 572 2034 fugiunt.
824 1975 848 2016 ru

88 2088 173 2132 Lxx.
204 2089 251 2132 DE
281 2087 571 2132 INCONSTANTIA
599 2089 757 2134 FEMINEI

348 2159 491 2204 AMORIS.

53 2240 129 2306 Nulli
142 2270 171 2308 se
183 2253 248 2308 dicit
260 2250 357 2307 mulier
369 2269 427 2307 mea
440 2252 538 2306 nubere
550 2252 637 2317 malle,

87 2344 169 2398 quam
181 2327 264 2382 mihi:
279 2343 332 2381 non
346 2326 368 2380 si
382 2344 411 2381 se
422 2326 522 2398 Iupiter
533 2326 589 2397 ipse
601 2335 679 2398 petat.

53 2399 128 2456 uiuit:
144 2402 191 2456 sed
204 2399 302 2456 mulier
314 2400 411 2471 cupido
424 2400 496 2472 quod
508 2400 572 2454 dicit
584 2401 691 2466 amanti,

87 2475 115 2530 in
128 2483 206 2532 vento
218 2483 244 2531 et
255 2475 347 2546 rapida
359 2475 471 2529 scribere
483 2481 581 2546 oportet
593 2492 671 2547 aqua.
