2040 3030
283 157 356 212 LIB.
376 157 414 212 ll.
443 155 558 211 ELEG.
579 155 663 210 XIX.
798 160 849 215 205

100 269 141 324 Tu
151 284 209 323 mea
218 283 368 337 oompones,
379 272 405 320 et
414 262 601 338 dioraaossa,
614 265 740 337 Properti,

137 343 202 398 hado
211 349 256 396 tua
265 348 340 396 sunt:
361 339 413 394 beu
424 340 486 406 heu,
499 345 527 394 tu
537 339 604 394 mihi
614 349 700 395 oertus
709 357 779 396 eras:

99 424 186 474 cartus
194 434 252 472 eras
262 415 315 471 heu
324 415 391 483 heu;
413 415 538 487 quamvis
548 431 597 469 neo
605 415 736 488 sanguine
746 417 816 472 avito
896 441 898 446 ·

138 491 244 557 nobilis,
256 498 282 545 at
290 489 415 563 quamvis
424 507 476 544 non
488 489 524 544 ita
534 487 609 544 dives
619 506 706 544 erasa

99 566 265 640 Nilegonon
310 565 373 619 tiar:
394 580 534 635 nunquam
543 581 586 619 me
596 563 693 620 iniuria
702 572 800 621 mutat:

137 641 262 715 ferreego
280 655 412 695 urmosam
422 639 528 694 nullum
538 655 607 694 onus
616 655 674 694 esse
683 647 757 712 puto.

99 715 183 773 Credo
192 733 250 790 ego,
262 733 315 770 non
325 731 422 787 pauoos
433 714 482 768 ista
491 713 600 785 periisse
611 713 709 788 ligura:

136 790 214 846 credo
224 807 282 864 ego,
293 789 341 844 sed
349 788 446 844 multos
457 805 509 844 non
520 789 646 844 habuisse
655 790 744 847 fidem.

99 867 184 922 Parvo
193 864 286 920 dilexit
296 865 381 938 spatio
388 863 505 919 Minoida
515 864 642 930 Theseus,

137 940 258 1014 Phyllida
269 939 446 1011 Demophoon,
459 939 555 1010 hospes
564 947 674 1012 uterque
683 939 780 997 molus.

99 1016 155 1071 lam
166 1015 213 1070 tibi
224 1016 326 1070 Iasonia
336 1023 396 1071 nota
406 1023 445 1068 est
454 1013 545 1069 Medea
554 1015 652 1083 carina,

136 1098 161 1144 et
170 1089 248 1145 modo
257 1097 360 1146 servato
368 1088 424 1144 sola
434 1088 521 1144 relicta
530 1089 598 1145 viro.

98 1164 159 1221 Noli
170 1163 314 1229 nobilibus,
326 1162 381 1219 noli
390 1162 506 1217 oonlerro
514 1163 607 1219 beatis.

136 1240 189 1295 Vix
200 1238 280 1303 venit,
291 1245 409 1292 extremo
417 1237 466 1306 qui
476 1237 545 1308 legat
554 1253 614 1292 ossa
623 1236 676 1292 die.

98 1314 121 1369 li
132 1313 179 1368 tibi
190 1329 238 1366 nos
247 1312 361 1366 erimus:
382 1309 429 1364 sed
438 1317 467 1364 tu
477 1310 574 1381 potius,
585 1327 684 1382 prooor,
700 1319 730 1366 ut
738 1329 781 1368 me

137 1385 260 1442 demissis
270 1385 381 1459 plangas
390 1391 492 1458 pectore
506 1384 578 1440 nuda
588 1385 680 1440 oomis.

99 1538 179 1594 Unica
190 1545 250 1592 nata
261 1551 320 1591 meo
328 1533 507 1607 pulcherrima
516 1551 579 1590 cura
590 1533 682 1599 dolori,

135 1611 252 1668 excludit
261 1609 388 1683 quoniam
398 1627 456 1665 sors
464 1627 532 1674 maa,
544 1609 645 1680 »Saepe
655 1609 746 1674 venio

12 1747 13 1750 ,
98 1689 147 1744 iata
158 1686 223 1741 meis
234 1685 278 1740 det
287 1684 422 1740 notissima
433 1683 517 1739 forma
526 1682 633 1748 libellis,

135 1760 224 1825 Calvo,
236 1766 280 1814 tua
292 1760 378 1823 venia,
389 1775 461 1831 paee,
474 1757 584 1825 Catulle,
596 1765 652 1813 tua.

12 1817 13 1842 ¹
97 1835 174 1893 Miles
182 1833 308 1906 depositis
317 1851 433 1890 annosus
443 1834 551 1890 secubat
560 1832 651 1898 armis,

12 2585 21 2717 l

134 1909 332 1983 grandaevique
343 1917 439 1984 negant
448 1909 543 1965 duoare
553 1915 636 1965 aratra
647 1907 742 1964 boves:

96 1986 182 2059 putris
191 1992 216 2040 at
226 1985 254 2040 in
265 2001 347 2040 vacua
357 1985 498 2058 requiescit
507 1985 584 2041 navis
592 2001 680 2050 arena,

133 2069 160 2116 et
169 2067 243 2116 vetus
253 2060 282 2115 in
290 2058 388 2132 templo
398 2060 489 2116 belliue
502 2077 594 2133 parma
603 2066 691 2115 vacat:

96 2142 175 2190 atnoe
184 2135 218 2189 ab
227 2142 370 2189 amoretuo
379 2134 489 2190 deduoet
498 2134 572 2190 nulla
581 2141 710 2199 senectus,

134 2208 191 2262 sive
258 2208 397 2270 Tithonus,
408 2209 466 2264 sive
475 2225 524 2281 ego
534 2210 626 2264 Nestor
638 2225 693 2264 ero.

96 2283 130 2338 Et
138 2282 163 2338 si
172 2298 217 2337 seo
226 2300 241 2337 a
251 2279 334 2337 forent
343 2282 460 2354 antiquis
469 2289 543 2356 grata
552 2281 658 2354 puellis,

133 2373 218 2413 assem
226 2373 284 2431 ago,
296 2354 369 2429 quod
378 2363 502 2412 nunotu:
524 2363 638 2428 tempure
648 2355 806 2430 vinearego.

95 2434 154 2490 Non
164 2439 252 2488 tamon
262 2431 310 2486 ista
320 2447 393 2487 meos
402 2431 543 2486 mutabunt
552 2429 639 2487 secula
652 2447 748 2488 morea.

134 2506 325 2580 Unusquisque
334 2523 383 2562 sua
392 2506 495 2562 noverit
505 2505 543 2561 ire
551 2505 605 2561 via.

94 2583 188 2639 Nonne
197 2581 248 2638 fuit
257 2581 340 2637 satius
350 2581 418 2638 duro
427 2579 526 2638 servire
535 2589 658 2668 tyranno,

132 2664 158 2712 et
166 2674 271 2732 gemm
279 2656 308 2713 in
317 2664 401 2725 tauro,
413 2674 491 2715 saeva
499 2657 602 2724 Ponlle,
611 2655 676 2715 tuo?
