2030 3040
206 162 251 213 166
468 159 678 215 PROPERTII

238 283 324 340 eogm,
336 274 361 320 et
370 267 427 338 ipse
436 267 502 322 meis
512 267 690 324 auribusesse
733 269 800 324 evis.

148 351 172 394 15
203 340 285 404 Felix,
298 341 345 412 qui
355 342 440 412 poluit
448 343 578 413 praesenti
588 340 709 414 flerepue
720 341 773 411 lae;

239 415 360 470 nonnihil
371 415 502 487 adspersis
511 415 609 489 gaudet
618 416 699 472 Amor
707 415 839 474 lacrimis:

201 498 247 544 eut
256 491 279 544 si
288 489 425 561 despectus
435 490 520 562 potul
529 498 630 546 mutare
639 491 750 559 celeres3

193 601 196 605 -
239 564 781 638 suntquoquetranslatogaudiaeervilio.

202 639 238 693 Ml
252 655 338 711 neque
352 657 439 695 amare
453 638 533 696 ellam
548 657 634 711 neque
648 641 682 694 ab
695 639 746 696 hee
763 639 897 698 dlseedere
911 643 951 698 les

694 720 746 768 est:

146 772 184 840 αἱ
239 788 352 861 Cynthia
362 787 448 858 prims
457 786 516 850 fuit,
529 786 643 860 Cynthia
654 787 716 842 finis
725 788 783 843 erit.

435 913 597 958 Mesia
625 913 707 958 XIII.

202 997 259 1069 Tu,
272 1005 344 1076 quod
353 1021 430 1076 saepe
439 1004 515 1070 soles,
529 1012 616 1060 nestro
626 1005 753 1062 laetabere
761 1024 833 1074 casu,

238 1077 321 1142 Galle,
333 1079 406 1150 quod
415 1079 521 1150 abrepto
530 1078 604 1136 solus
613 1097 701 1138 amore
710 1098 810 1138 veeem.

200 1153 234 1206 At
244 1169 296 1206 non
307 1153 363 1224 ipse
372 1162 430 1208 tuas
440 1154 570 1221 imitabor,
582 1155 690 1226 perfide,
706 1173 795 1213 voees:

237 1225 325 1281 fallere
335 1235 359 1282 te
368 1245 517 1300 nunquam,
531 1229 614 1294 Galle,
626 1229 713 1302 puelle
724 1229 796 1286 velit.

146 1313 157 1354 5
200 1303 269 1356 Dum
279 1301 328 1357 tibi
338 1302 452 1375 deeeptis
462 1311 573 1378 augetur
582 1303 652 1360 lama
661 1303 766 1376 puellis,

237 1383 323 1432 eertus
332 1384 357 1432 et
366 1377 395 1433 in
405 1378 479 1434 nullo
492 1383 597 1452 quaeris
607 1395 695 1435 amore
703 1396 813 1444 morem,

199 1450 318 1522 perditus
327 1453 356 1507 in
366 1453 482 1526 quadem
493 1455 573 1510 tardis
583 1453 723 1525 pallescere
730 1455 802 1509 euris

236 1526 341 1598 incipis,
353 1536 377 1582 et
385 1528 473 1599 primo
482 1527 572 1600 lapsus
584 1545 671 1584 emere
679 1527 775 1600 gradu.

199 1599 268 1654 Haee
276 1602 327 1655 erit
335 1601 442 1656 illarum
451 1605 572 1658 oontemli
586 1619 668 1674 poena
679 1600 790 1658 doloris:

145 1683 170 1725 le
238 1674 382 1731 multarum
394 1677 504 1731 miseras
513 1677 661 1751 exigetune
672 1676 753 1731 vises.

198 1749 267 1804 Heee
276 1751 325 1806 tibi
334 1750 458 1824 vulgares
468 1751 531 1806 istos
540 1757 686 1822 eempeseet
694 1767 808 1806 emeres:

236 1841 285 1879 nee
295 1843 362 1881 nova
371 1825 521 1897 quaerendo
530 1841 632 1895 semper
641 1824 743 1878 amisus
751 1826 813 1878 eris.

199 1899 268 1954 Haec
276 1915 387 1971 egenen
397 1915 502 1954 rumore
510 1897 589 1960 malo,
601 1912 654 1950 nen
663 1912 764 1966 augure
773 1895 878 1959 doetus3

236 1972 292 2026 vidi
302 1988 364 2044 ege:
385 1987 436 2034 me,
447 1987 553 2041 quaeso,
566 1974 629 2023 teste
638 1984 735 2038 negare
743 1965 833 2038 potas?

144 2057 169 2098 15
199 2045 413 2117 vidiegotetoto
422 2041 718 2113 vinetumlangueseere
727 2040 804 2106 eollo,

235 2125 261 2172 el
270 2117 330 2172 llere
340 2115 449 2178 iniectis,
462 2114 546 2180 Galle,
558 2114 606 2169 diu
615 2114 754 2184 manibus;

198 2201 223 2247 et
232 2207 327 2263 supere
335 2189 429 2259 optatis
438 2188 555 2246 animam
564 2189 693 2261 deponere
702 2188 792 2254 labris,

235 2273 261 2320 et
270 2280 339 2336 quae
347 2263 442 2318 deinde
452 2281 527 2320 meus
537 2264 611 2330 eelat,
622 2264 715 2330 amine,
727 2265 822 2337 pudor.

198 2338 478 2414 Nonegoeomplexus
487 2341 561 2412 potui
569 2338 693 2398 didueers
702 2346 814 2396 vestros:

144 2426 169 2469 πο
236 2422 324 2470 tantus
334 2422 388 2470 erat
396 2414 506 2472 demens
515 2417 583 2472 inter
592 2422 717 2487 utrosque
727 2413 810 2472 lutor.

198 2493 257 2548 Non
267 2491 306 2546 sie
314 2491 457 2548 Haemonio
466 2490 618 2548 Salmonida
626 2491 726 2546 mixtus
735 2489 836 2562 Enipeo

236 2567 381 2622 Taenarius
389 2565 460 2622 leeill
470 2570 566 2639 pressit
575 2581 662 2622 amore
671 2564 751 2619 deus:

202 2637 777 2716 neesieeoelestemllagransamerllereulis
788 2637 875 2692 Heben
