2020 3036
200 159 233 212 al
488 155 657 210 CATULLI

203 263 226 319 0
239 264 287 327 dii,
307 281 330 316 sr
344 272 463 318 vostrum
480 270 519 318 est
534 265 661 329 misereri,
681 272 726 318 aut
738 263 761 317 si
773 263 873 334 quibus
886 281 948 320 um-

733 355 775 392 am

240 418 357 466 extrema
370 413 424 466 iam
437 411 494 483 ipsa
507 412 535 467 in
548 419 630 468 morte
642 354 739 466 tuddds
751 427 841 483 opem:

202 503 245 540 me
258 487 386 541 miserum
399 486 536 558 adspicite:
552 495 585 552 et,
600 487 623 540 si
637 486 719 540 vitam
731 486 831 557 puriter
842 487 894 558 egi,

146 571 171 616 2⁰
237 561 328 632 eripite
340 561 410 614 hanc
420 568 519 631 pestem
532 561 729 632 perniciemque
741 559 818 624 mihi,

200 635 349 706 quaemihi
362 635 507 706 subrepens
519 635 597 699 imos,
612 641 642 688 ut
653 643 748 705 torpor,
766 635 794 688 in
808 641 889 697 artus,

239 708 342 780 expulit
354 726 388 763 ex
400 709 474 763 omni
485 716 588 779 pectere
598 707 717 762 laetitias.

201 785 258 838 Non
271 785 324 838 iam
338 781 405 838 illud
417 798 524 854 quaero,
539 789 670 837 contram
686 799 729 836 me
740 781 834 854 diligat
845 780 901 845 illa,

239 865 293 922 aut,
309 857 381 928 qucd
394 873 447 910 non
460 857 528 927 potis
541 863 588 920 est,
604 873 660 910 esse
671 856 768 927 pudica
780 855 857 910 velit:

146 943 172 984 aa
201 934 258 1003 ipse
276 931 364 986 valere
385 939 455 1001 opto,
474 937 500 984 et
516 936 627 985 taetrum
644 931 717 984 hunc
730 930 859 1003 deponere
875 947 949 983 mor-

697 1005 773 1059 bum.

239 1080 262 1133 Ο
274 1077 322 1145 dii,
338 1079 438 1134 reddite
449 1083 488 1134 ml
500 1079 551 1134 hoc
562 1095 610 1150 pro
621 1079 715 1151 pietate
727 1095 795 1134 mea.

320 1207 467 1251 LXXVII.
497 1207 544 1251 ΔΒ
573 1208 711 1252 RUFUM.

203 1290 283 1365 Rufe,
298 1301 366 1354 mihi
378 1299 474 1354 frustra
488 1317 518 1354 ac
530 1299 713 1372 nequidquam
726 1299 822 1354 credite
834 1298 927 1364 amice,
1003 1345 1004 1366 q

238 1373 353 1430 frustra?
365 1376 448 1430 immo
461 1391 558 1448 magno
570 1391 633 1431 cum
644 1375 727 1446 pretio
739 1381 819 1446 atque
831 1371 915 1427 malo:
1003 1373 1004 1436 l

202 1449 298 1504 siccine
310 1451 442 1521 subrepsti
452 1455 505 1515 ml,
521 1458 600 1522 atque
611 1449 733 1504 intestina
745 1465 872 1519 perurens
1003 1442 1004 1458 ¹

239 1524 291 1578 heu
304 1525 408 1588 misem,
424 1524 544 1596 eripuisti
556 1524 645 1578 omnia
659 1531 746 1579 nostra
759 1521 846 1577 bona‘l

147 1608 158 1648 5
200 1597 329 1668 eripuisti,
345 1599 397 1652 heu
410 1599 463 1654 heu
476 1606 579 1652 nestrae
591 1595 696 1652 crudele
707 1613 840 1652 venenum

240 1672 317 1737 vitae,
333 1673 450 1728 heuheu
465 1682 567 1727 nostrae
578 1671 659 1744 pestis
673 1673 810 1727 amicitiae.

201 1745 252 1800 Sed
265 1764 337 1801 nunc
349 1747 377 1802 id
389 1746 472 1813 deleo,
488 1747 560 1820 quod
572 1763 655 1818 purae
666 1764 733 1818 pura
744 1744 848 1818 puellae

239 1822 330 1876 suavia
343 1822 500 1877 comminxit
512 1838 608 1893 spurca
620 1820 704 1875 saliva
715 1828 770 1874 tua.

201 1896 298 1950 Verum
312 1895 340 1949 id
356 1913 409 1950 non
423 1897 532 1967 impune
545 1894 624 1948 ieras:
644 1911 705 1948 nam
718 1901 743 1946 te
755 1893 844 1946 omnia
861 1892 948 1948 saecla

239 1979 357 2037 noscent;
370 1978 395 2024 et
407 1970 455 2041 qui
468 1969 515 2032 sis,
534 1967 604 2022 lama
618 1966 739 2038 loquetur
752 1982 830 2019 anus.

318 2094 479 2138 uxxvnl.
509 2094 556 2138 DE
586 2094 712 2136 GALLO.

201 2180 298 2242 Gallus
315 2186 393 2240 habet
410 2184 511 2251 iratres,
526 2201 642 2258 querum
656 2183 870 2270 esclepidissima
883 2203 948 2244 ecn-

695 2277 743 2315 rux

238 2334 354 2401 alterius,
365 2333 469 2408 lepidus
482 2334 554 2391 lilius
566 2333 683 2390 alterius.

200 2408 292 2466 Gallus
305 2410 384 2466 hemo
396 2417 435 2466 eat
446 2410 546 2466 hellus:
562 2425 624 2465 nam
637 2409 726 2464 dulces
735 2409 822 2482 iungit
832 2425 945 2476 amores,

237 2502 299 2540 cum
311 2503 393 2558 puero
405 2493 435 2540 ut
447 2485 517 2540 belle
528 2485 596 2541 bella
609 2484 696 2557 puella
709 2484 795 2540 cubet.

146 2572 157 2613 5
200 2559 293 2617 Gallus
306 2560 385 2616 homo
397 2567 437 2616 est
448 2560 554 2625 stultus,
567 2577 615 2616 nee
624 2577 652 2615 ae
662 2559 733 2615 videt
742 2575 798 2614 ease
808 2559 947 2628 maritum,

238 2636 285 2709 qui
298 2645 409 2710 patruus
420 2637 508 2710 patrui
521 2643 648 2692 monstret
660 2634 829 2690 adulterium.
