2030 3040
196 150 244 205 ⁴26
305 146 389 202 ΑΕΒ.
409 147 568 202 'l'lBULLI
586 148 619 202 L.
638 147 677 202 11.
697 147 755 202 EL.
777 148 825 203 v1.

139 266 165 310 25
196 255 261 327 Spes
270 254 349 309 etiam
357 253 444 310 valida
454 253 552 310 solatur
560 253 684 325 oompede
695 255 826 323 vinetum3

231 346 308 384 crura
318 337 413 384 sonant
420 327 496 393 ferro,
508 329 555 384 sed
564 330 633 384 canit
643 329 710 382 inter
718 346 796 400 opus.

194 403 259 474 Spes
269 402 371 458 facilem
380 403 503 458 Nemaein
513 403 623 474 spondet
633 403 713 471 mihi;
734 403 781 457 sed
793 412 870 476 negat
884 403 941 459 illa.

231 477 289 531 Heu
298 476 374 542 mihi,
387 493 420 531 ne
429 477 530 542 vinces,
541 477 608 531 dura
616 476 714 547 puelle,
726 477 816 532 deaml

194 553 281 616 Peroe,
293 569 340 622 per
348 552 490 606 immature
501 557 560 605 tuae
567 567 658 622 precor
667 568 726 605 ossa
736 552 845 620 sororis3

140 636 166 679 3⁰
232 625 346 680 sicbene
359 626 411 679 sub
420 625 826 696 teneraparvequiescathumo.

194 698 242 754 Illa
253 699 320 753 mihi
330 706 419 754 saneta
428 705 476 763 est,
488 698 561 752 illius
571 696 640 753 dona
650 699 770 770 sepulcro

232 780 257 827 et
268 771 409 826 madefacta
419 773 485 826 meis
496 779 563 827 serta
573 771 655 827 feram
664 773 794 843 lacrimis3

195 845 268 901 illius
279 846 312 900 ad
321 844 455 901 tumulum
465 845 576 920 fugiam,
588 847 755 920 supplexque
763 847 867 912 sedebo,

231 928 256 974 et
264 937 322 974 mea
331 937 393 974 cum
403 927 477 974 muto
485 920 537 976 fata
545 939 641 992 querar
651 922 747 977 cinere.

141 1005 166 1048 35
195 995 253 1049 Non
264 993 327 1049 feret
336 1011 422 1065 usque
431 1003 660 1066 suumtepropter
668 994 730 1049 flere
738 994 872 1049 elieulem:

232 1067 305 1122 illius
316 1075 345 1122 ul
355 1068 453 1134 verbis,
464 1069 502 1123 sie
511 1069 579 1123 mihi
588 1069 667 1134 lente,
678 1077 745 1133 veto,

195 1159 228 1198 ne
237 1142 285 1196 tihi
295 1141 404 1214 neglecti
414 1143 518 1198 mittant
526 1143 597 1199 mala
606 1143 708 1198 somnia
716 1143 815 1207 Manes,

232 1223 383 1289 moestaque
392 1218 490 1288 sopitae
499 1223 547 1272 stet
556 1235 628 1273 soror
638 1223 802 1282 amulorum,

194 1289 291 1362 qualis,
303 1290 337 1345 ab
347 1290 449 1347 excelsa
458 1309 581 1364 praeoeps
590 1291 696 1363 delapsa
705 1289 826 1354 fenestra,

140 1371 167 1417 lu
233 1363 305 1419 venit
315 1363 349 1419 ad
358 1364 473 1421 infernos
482 1366 683 1440 sanguinolenta
694 1365 776 1420 lacus,

194 1437 298 1504 Desino,
309 1456 343 1494 ne
351 1439 473 1496 dominae
482 1440 568 1494 luctus
578 1446 736 1495 renoventur
745 1439 841 1493 aoerbi.

231 1514 290 1568 Non
299 1530 348 1586 ego
357 1531 419 1569 sum
428 1514 502 1578 tenti,
513 1513 597 1584 ploret
605 1520 635 1566 ut
645 1512 690 1568 illa
700 1511 793 1578 semel;

195 1603 243 1642 neo
253 1585 368 1642 lacrimis
376 1587 465 1642 oculos
474 1586 555 1659 digna
564 1594 603 1640 est
611 1585 713 1639 loedere
725 1585 855 1656 loquaees.

231 1662 303 1716 Lena
312 1669 386 1716 nooet
394 1660 494 1728 nohie3·
507 1660 564 1731 ipsa
574 1658 662 1731 puella
671 1659 740 1715 boue
750 1666 798 1713 est.

140 1741 166 1788 45
195 1736 266 1791 Lena
276 1743 345 1790 vetet
355 1736 482 1790 miserum
491 1735 606 1807 Phryne,
618 1731 764 1806 furtimque
776 1732 884 1788 tabellas

232 1808 332 1864 oooulto
341 1817 447 1880 portans
458 1809 530 1879 itque
538 1807 659 1879 reditque
667 1807 739 1861 sinu.

195 1882 285 1954 Saepe,
297 1899 345 1954 ego
355 1899 440 1953 quum
450 1881 572 1935 dominae
581 1879 671 1934 dulees
681 1897 697 1933 a
706 1879 799 1934 limine
808 1879 875 1932 duro

231 1971 344 2028 agnoseo
353 1971 438 2018 voees,
451 1954 516 2006 haee
526 1961 603 2024 negat
612 1969 668 2007 esse
677 1951 760 2006 domi.

194 2029 284 2100 Saepe,
296 2028 343 2081 ubi
353 2043 405 2081 nox
414 2026 545 2097 promissa
553 2026 621 2079 mihi
631 2033 678 2090 est,
691 2025 816 2098 languere
824 2025 940 2096 puellam

141 2115 166 2156 50
234 2101 345 2164 nuntiat,
357 2108 403 2154 eut
412 2099 516 2171 aliquae
524 2100 679 2154 extimuisse
687 2099 785 2154 minas.

195 2176 270 2230 Tunc
278 2174 375 2228 morior
384 2174 463 2239 curis,
477 2180 540 2228 tuno
549 2191 624 2229 mens
634 2173 701 2229 mihi
711 2174 810 2245 perdita
820 2173 906 2249 liugn,
1006 2157 1007 2232 l

232 2247 328 2320 quisve
336 2265 423 2304 meam
433 2255 526 2315 teneat,
539 2256 604 2320 quot
611 2255 729 2304 teneatue
737 2247 834 2304 modis.

195 2323 270 2377 Tunc
279 2322 336 2388 tibi,
350 2323 418 2389 lena,
429 2339 520 2395 preoor
529 2323 610 2378 diras.
649 2323 717 2379 Salis
727 2324 808 2378 anxia
818 2324 901 2388 vives,

232 2397 343 2454 moverit
351 2415 367 2455 e
376 2399 444 2456 vous
452 2415 514 2472 pers
524 2405 710 2471 quotacunque
718 2397 790 2454 deos.

466 2571 663 2601 ...nm-...-
