2030 3040
258 166 328 220 Llss.
349 167 369 220 1.
401 163 514 220 ELEG.
537 165 616 219 XIV.
760 168 807 220 167

99 276 182 328 sensit
190 273 225 328 ab
234 272 334 329 Oetaeis
344 273 440 347 gaudia
449 273 535 344 prima
546 273 626 344 iugis.

63 349 120 403 Una
129 346 186 402 dios
195 364 286 403 omnes
294 349 379 420 potuit
388 363 554 420 praecurrere
564 355 694 400 amantes:
837 360 862 402 25

99 439 162 477 nam
171 422 220 476 tibi
230 439 284 478 non
293 422 394 494 tepidas
403 421 523 476 subdidit
532 419 576 474 illa
585 419 666 475 faoes:

62 513 110 552 neo
118 496 167 551 tibi
176 497 326 568 praeteritos
335 513 412 568 passa
421 505 461 550 ost
469 494 607 550 suooodera
616 493 711 564 fastus,

100 571 223 625 noosinat
233 571 343 626 abduoi:
364 577 459 625 totuus
470 571 547 625 ardor
555 578 623 643 agot.

14 693 18 702 .
62 645 116 698 Noo
125 645 233 709 mirum,
246 663 331 717 quum
341 646 376 699 sit
384 647 445 700 Iove
454 645 534 718 digua
544 653 569 700 et
581 647 702 715 proxima
713 646 805 710 Ladae,

99 727 124 772 at
133 719 217 774 Lodaa
227 729 312 790 partu,
325 720 423 794 gratior
433 737 485 774 una
495 720 590 776 tribus.
836 732 861 773 ao

62 792 109 847 Illa
120 793 154 846 sit
162 795 274 848 luaohiis
283 802 309 848 at
318 793 439 849 blandior
448 793 574 859 beminis,

100 865 144 920 illa
154 868 210 922 suis
219 868 308 922 vorbis
318 875 393 942 cogat
402 885 490 923 amaro
500 870 598 924 Iovem.

61 941 102 995 Tu
113 957 182 1007 vero,
194 942 321 1014 quoniam
331 942 411 998 semel
421 960 449 997 os
457 943 592 1014 periturus
601 959 696 1007 amoro,

98 1033 187 1070 utera:
208 1033 261 1070 non
272 1016 323 1072 alio
333 1016 424 1072 limina
434 1016 533 1090 dignus
545 1035 612 1072 eras.

61 1088 133 1154 Quae
142 1090 190 1144 tibi
200 1091 234 1144 sit
243 1089 316 1156 salix,
328 1092 456 1164 quoniam
466 1109 552 1147 novus
562 1091 655 1147 incidit
664 1109 747 1147 orror·
837 1103 863 1146 35

98 1171 122 1217 et
131 1171 302 1236 quotcunque
310 1165 390 1230 voles,
402 1183 456 1220 uua
466 1167 500 1219 sit
509 1167 558 1221 ista
566 1167 626 1221 tibi.

301 1291 463 1335 ubsola
490 1292 565 1336 xlv.

61 1373 109 1437 Tu
122 1381 181 1436 boet
189 1381 306 1436 abiootus
316 1380 441 1434 Tiberina
449 1381 562 1436 molliter
572 1383 643 1437 unda

98 1456 192 1511 Lesbia
202 1456 333 1512 Mentoreo
342 1455 406 1510 uiua
415 1454 492 1510 bibas
502 1471 587 1526 opero,

60 1538 86 1585 et
94 1530 173 1585 modo
181 1537 235 1586 tam
244 1529 339 1585 coleras
347 1528 452 1586 mireris
462 1546 566 1585 ourrers
576 1529 675 1596 lintres,

98 1612 123 1659 et
132 1605 210 1660 modo
220 1612 273 1660 tam
283 1604 370 1660 tardas
379 1603 490 1659 funibus
500 1605 538 1658 irs
547 1611 628 1673 τείως

60 1687 85 1733 ot
94 1696 189 1733 nemus
198 1697 276 1734 omno
285 1690 354 1733 satas
363 1675 481 1733 intendat
488 1678 583 1732 vertioe
591 1677 681 1742 siivas,
852 1693 863 1732 5

98 1759 207 1825 urgetur
216 1752 324 1824 quantis
334 1751 467 1807 Caucasus
477 1752 629 1807 arboribus:

61 1833 210 1882 nontamen
224 1827 274 1881 ista
284 1843 342 1881 meo
351 1825 456 1882 valeant
464 1825 618 1882 contendero
627 1825 723 1888 amori;

98 1901 180 1955 noscit
189 1899 270 1956 Amor
279 1902 384 1976 magnis
394 1900 484 1956 oadara
493 1900 604 1956 divitiis.

60 1976 128 2030 Nam
138 1975 195 2031 siva
203 1983 316 2050 optatam
326 1993 430 2032 mooum
442 1976 520 2031 trabit
529 1975 575 2031 iila
584 1976 708 2048 quietam,

97 2049 588 2108 seufaoiliotumduoitamoredum:
837 2059 862 2099 10

59 2133 118 2179 tum
128 2125 195 2179 mihi
204 2125 300 2182 Paoioii
310 2127 421 2181 veniunt
430 2127 483 2181 sub
492 2133 556 2180 taeta
567 2125 691 2196 liquores,

96 2205 122 2253 ot
131 2197 226 2272 legitur
237 2201 324 2254 rubris
333 2217 439 2273 gemma
447 2200 499 2254 sub
509 2199 681 2271 aequoribus:

60 2281 118 2328 tum
128 2272 195 2326 mihi
205 2290 324 2329 oossuros
334 2274 463 2344 spondent
472 2291 529 2328 moa
539 2271 635 2345 gaudia
645 2289 733 2343 rogam

97 2363 166 2419 quae
176 2356 307 2412 maneant,
319 2346 385 2402 dum
394 2364 438 2402 ma
447 2345 498 2402 iata
507 2348 593 2417 porira
603 2345 699 2399 volent.

59 2422 127 2476 Nam
137 2421 199 2492 quis
208 2420 309 2477 divitiis
319 2421 429 2477 advorso
438 2421 536 2495 gaudet
544 2417 658 2474 Amore?
835 2429 861 2472 15

96 2494 176 2551 Nulla
185 2496 253 2550 mibi
262 2496 330 2551 tristi
339 2497 455 2568 praemia
464 2496 519 2550 sint
528 2495 636 2549 Veners.

59 2567 106 2624 {lia
116 2577 198 2641 potest
207 2588 318 2645 magnas
327 2571 438 2626 heroum
450 2568 593 2642 infringere
605 2569 688 2636 viros3

96 2643 142 2698 illa
151 2645 229 2701 otiam
238 2645 314 2702 duris
325 2646 459 2702 mentibus
467 2661 525 2700 assa
534 2642 618 2699 dolor.
