2020 3036
248 166 457 225 CARMINUM
477 168 602 225 LIBER.
764 175 797 228 63

48 277 199 334 Abiunotae
208 273 298 347 paullo
307 282 366 330 ante
375 293 464 332 oomae
474 293 531 332 mea
540 275 592 332 iata
605 295 705 335 sorores

88 351 225 425 lugebant,
236 367 323 422 quum
333 367 362 404 se
369 351 517 406 Memnonis
526 351 661 424 Aethiopis

48 426 168 498 unigena
177 422 315 495 impellens
325 426 479 480 nutantibus
488 427 547 480 aiira
556 428 651 497 pennis

88 498 185 555 obtulit
194 497 320 552 Arsinoes
330 499 454 553 Locridos
463 498 516 553 ales
526 516 622 571 equus.

49 575 131 645 Isque
139 589 187 643 per
196 571 323 626 aetherias
334 588 376 626 me
387 570 479 628 tollens
488 572 592 628 advolat
601 575 711 631 umbras
828 587 854 630 te

88 654 114 702 at
123 646 231 702 Veneris
241 652 311 700 casto
321 645 437 701 conlocat
445 647 475 701 in
483 648 595 720 gremio.

51 724 111 793 Ipsa
120 737 201 774 suum
210 719 358 792 Zephyritis
367 737 398 775 eo
406 719 537 776 famulum
547 721 653 796 legarat,

89 795 169 850 Graia
179 793 303 866 Canopiis
312 793 397 849 ineola
407 794 537 861 litoribus,

52 868 137 924 sidere
146 868 185 922 ihi
194 869 268 923 vario
277 883 311 923 ne
320 867 407 923 solum
417 869 445 923 in
456 869 558 924 lumine
566 871 631 926 oooli

88 960 121 997 ex
132 941 270 997 Ariadneis
280 959 358 996 aurea
368 944 530 1014 temporibus
826 957 851 1000 to

52 1017 105 1072 fixa
114 1016 215 1072 Corona
224 1015 302 1081 ieret,
324 1016 428 1072 sednos
438 1035 545 1090 quoque
554 1017 717 1094 fulgeremus

88 1090 196 1146 devotae
205 1089 267 1145 flevi
277 1091 382 1145 verticis
391 1092 512 1148 exuviae.

52 1163 197 1221 Uvidulum
206 1182 222 1218 e
232 1163 313 1218 fluctu
322 1164 456 1220 oedannm
466 1166 500 1221 ad
509 1165 606 1237 templa
615 1167 695 1223 deum
705 1185 748 1224 me

88 1237 163 1294 sidus
172 1238 200 1293 iu
211 1239 328 1310 antiquis
337 1238 399 1294 diva
409 1257 510 1295 novum
519 1241 617 1311 posuit.

50 1313 168 1386 Virginis
178 1319 203 1366 et
213 1313 285 1367 saevi
295 1313 449 1387 contingens
459 1329 575 1384 namque
584 1316 679 1369 Leonis
825 1327 850 1370 os

87 1387 198 1452 lumina,
211 1386 318 1441 Callisto
327 1387 401 1442 iuxta
411 1387 569 1462 Lycaonida‚

48 1469 136 1518 vertor
144 1479 172 1515 in
182 1477 313 1526 oceasum,
325 1461 431 1516 tardum
440 1461 497 1517 dux
507 1468 565 1517 ente
574 1463 679 1526 Booten,

85 1535 134 1609 qui
146 1536 192 1592 vix
202 1552 261 1591 sero
270 1535 322 1590 alto
331 1537 460 1610 mergitur
469 1535 580 1592 Ooeeno.

47 1611 99 1667 Sed
108 1627 274 1683 quamquem
283 1627 326 1665 me
335 1618 409 1666 noete
417 1618 541 1683 premunt
551 1610 659 1684 vestigia
670 1609 774 1674 divum,

85 1685 144 1740 luoe
154 1691 241 1739 autem
252 1701 331 1740 canae
341 1686 435 1758 Tethyi
445 1687 581 1741 restituor:
822 1695 849 1737 to

46 1761 123 1833 (paoe
132 1767 178 1814 tua
188 1757 237 1814 ieri
247 1759 311 1814 haee
320 1758 402 1824 lineat,
415 1758 580 1815 Rhamnusia
589 1758 678 1831 virgo;

82 1850 200 1906 namque
206 1849 258 1962 ἕο
267 1849 319 1888 non
328 1832 384 1888 ullo
393 1849 455 1889 vora
465 1834 557 1888 timore
568 1840 662 1906 tegam,

45 1926 98 1965 nou
107 1909 131 1963 si
142 1925 185 1963 me
196 1907 205 1961 i
235 1907 297 1962 estis
306 1907 455 1979 disoerpant
464 1907 550 1962 sidera
559 1906 646 1972 dictis,

83 1982 187 2038 eondita
197 1982 264 2053 quin
275 1982 331 2036 veri
341 1983 452 2052 peetoris
464 1982 586 2038 evoluam
594 1981 611 2054 :)

46 2075 97 2112 non
108 2058 151 2112 his
161 2064 216 2112 tam
225 2055 305 2110 laetor
314 2057 403 2122 rebus,
415 2073 498 2128 quam
507 2074 550 2111 me
559 2055 629 2111 aiore
639 2071 750 2126 semper,
822 2066 848 2107 ⁷5

82 2130 152 2186 aiore
161 2147 205 2184 me
215 2147 230 2184 a
239 2129 362 2185 dominae
371 2132 467 2186 vertioe
476 2131 633 2185 disoruoior:

46 2206 155 2278 quinum
164 2221 228 2279 ego,
244 2203 310 2259 dum
320 2205 397 2278 virgo
406 2205 540 2277 quondam
550 2203 600 2258 tuit
609 2203 735 2258 omnibus
747 2219 794 2258 ex-

539 2295 608 2348 pers,

81 2354 212 2428 unguenti
222 2353 246 2406 si
255 2370 310 2407 una
319 2351 404 2407 millia
414 2350 495 2408 multa
505 2352 571 2416 hibi,

45 2445 123 2494 nunc,
136 2447 185 2484 vos
194 2432 283 2498 optato
292 2443 374 2498 quam
384 2426 473 2480 iunxit
482 2425 583 2479 lumine
593 2423 675 2488 taeda,

80 2520 132 2558 non
142 2509 203 2575 post
213 2500 349 2555 unanimis
357 2515 464 2571 eorpora
474 2499 632 2572 ooniugibns
822 2507 847 2548 so

45 2577 133 2633 tradite
143 2575 276 2632 nudantes
286 2574 384 2628 detecta
393 2581 464 2630 ueste
471 2571 592 2644 papillas,

78 2653 144 2726 quin
155 2648 274 2707 ineunda
286 2649 354 2702 mihi
364 2663 473 2703 munera
485 2645 547 2702 libet
556 2665 639 2722 onyx,
