2030 3040
293 151 366 205 LlB.
385 151 406 206 l.
436 149 551 206 ELEG.
572 151 643 206 XVI
799 157 845 208 {69

136 258 261 333 Cynthia,
272 268 298 314 et
307 257 401 314 oblitos
410 275 487 330 pareo
497 276 602 314 movere
611 259 682 324 deos,

94 335 195 398 andex,
208 333 242 388 ah
252 333 368 388 nimium
378 341 466 388 nostro
475 333 587 388 dolitura
597 333 701 404 periclo,

136 409 160 462 si
170 407 238 479 quid
247 406 311 462 forte
321 408 368 462 tibi
379 408 473 462 durius
483 406 613 462 inciderit.

3 479 5 490 ‘
95 485 171 539 Muta
180 483 256 554 prius
265 490 339 538 vasto
348 481 469 536 labentur
478 481 589 536 llumina
598 489 686 552 ponto,

136 575 223 612 annus
233 565 258 611 et
268 557 385 612 inversas
397 555 502 611 duxerit
512 563 571 611 ante
581 557 661 621 vioes,
875 567 900 609 to

96 650 181 704 quam
191 639 236 686 toa
245 631 297 686 sub
307 638 395 686 nostro
404 637 519 686 suuntur
528 637 630 702 penore
639 647 714 698 onra;

137 707 174 760 sis
184 705 363 778 quodeunque
373 705 453 771 voles,
465 723 518 760 non
529 705 613 760 aliena
623 711 724 772 tamen3

97 798 214 852 quamve
226 781 294 835 mihi
303 780 369 836 viles
379 781 423 834 isti
434 780 573 836 videantur
582 778 666 845 ocelli,

136 872 184 927 per
192 872 260 927 quos
270 872 347 928 saepe
356 855 423 909 mihi
434 855 530 910 eredita
539 853 649 927 perfidia
659 861 707 910 est.
794 868 797 876 ·

98 931 152 984 Hos
161 937 190 984 tn
200 929 315 996 iurabas,
327 930 351 985 si
361 929 428 1002 qnid
438 930 546 985 mentita
556 928 661 994 luisses,
876 938 901 980 35

138 1012 168 1059 nt
176 1004 225 1058 tibi
235 1005 379 1078 suppositis
389 1004 538 1061 exciderent
545 1005 684 1060 manibus:

98 1087 124 1133 et
133 1087 222 1134 eontra
231 1096 360 1153 magnum
370 1087 443 1152 potes
452 1080 502 1135 hos
514 1079 629 1135 attollere
639 1078 734 1143 Solem,

137 1170 185 1208 nec
195 1154 285 1208 tremis
295 1154 425 1210 admissae
434 1154 537 1209 oonsoia
547 1153 698 1226 nequitiae?

98 1226 423 1301 Quisteoogebatmultos
432 1227 529 1299 pallere
537 1228 644 1291 colores,

137 1310 163 1356 et
172 1301 262 1356 ilatum
274 1302 365 1356 invitis
373 1301 469 1355 ducere
478 1301 646 1355 luminibus‘l
876 1307 902 1352 to

99 1377 176 1450 queis
186 1392 236 1448 ego
244 1392 317 1430 nuno
326 1392 411 1447 pereo,
424 1375 524 1429 similes
534 1375 683 1429 moniturus
692 1381 819 1430 amantes.

138 1449 251 1505 Onullis
261 1456 348 1506 tntum
358 1449 462 1505 eredere
470 1448 620 1505 blanditiis!

342 1629 504 1676 snnola
533 1629 607 1674 XVI.

102 1735 182 1808 Quae
192 1742 292 1797 fueram
303 1745 407 1817 magnis
416 1743 478 1798 olim
490 1743 614 1814 patefacte
624 1742 776 1812 triumphis,

139 1818 218 1872 ianua
228 1818 352 1889 Tarpeiae
362 1825 420 1872 nota
434 1817 583 1889 pudioitiae‚

101 1893 177 1947 cuius
187 1893 300 1948 inaurati
310 1892 475 1948 eelebrarunt
484 1891 577 1948 limina
587 1908 690 1957 currus,

138 1974 272 2039 captorum
283 1967 398 2023 lacrimis
408 1968 520 2024 humida
529 1967 708 2040 strpplioibus3

102 2059 172 2098 nuno
181 2060 238 2116 ego,
253 2045 389 2100 nocturnis
398 2051 520 2116 potorum
530 2043 619 2098 saucia
629 2043 704 2106 rixis,
891 2050 902 2090 t

138 2116 240 2188 pulsata
250 2118 369 2192 indignis
378 2137 456 2190 saepe
464 2136 561 2192 queror
569 2118 707 2184 manibus3

101 2191 202 2247 etmihi
213 2210 266 2248 non
275 2192 371 2249 desunt
379 2201 469 2264 turpes
479 2193 593 2264 pendere
601 2191 711 2246 oorollae

138 2282 250 2338 semper,
262 2274 296 2332 et,
307 2267 408 2322 exolusi
418 2269 505 2340 signa,
517 2268 600 2322 iaoere
609 2265 687 2320 isoes.

102 2343 155 2395 Neo
163 2357 272 2411 possum
283 2339 390 2396 infamis
400 2341 522 2396 dominae
531 2339 668 2398 defendere
678 2346 774 2404 noctes,

139 2413 236 2470 nobilis
245 2415 381 2471 obsooenis
392 2415 485 2471 tradita
494 2415 667 2472 carminibus.
877 2423 902 2463 1⁰

103 2491 154 2544 Neo
165 2497 251 2544 tamen
262 2489 307 2544 illa
317 2507 380 2546 suae
390 2498 526 2546 revocatur
534 2489 741 2562 possessiomes,

139 2565 239 2636 turpior
248 2571 273 2630 et
282 2564 345 2620 seoli
357 2566 445 2622 vivere
455 2564 571 2621 luxuria.

103 2639 168 2694 Haeo
178 2639 245 2695 inter
254 2641 381 2714 gravibus
393 2657 471 2714 oogor
480 2637 573 2696 detlere
581 2638 696 2713 querelis
