2028 3034
211 140 244 192 ii
497 137 666 195 CATULLI

156 251 182 296 40
211 245 317 317 ignotus
326 246 421 316 penori,
434 245 507 301 nulle
517 254 643 301 eontusus
652 253 744 310 aratro,

210 336 290 390 quem
302 319 417 374 muleent
426 337 513 385 aurae,
526 321 614 374 firmat
623 319 671 384 sel,
683 319 777 374 educat
786 320 884 375 imber:

210 392 288 448 multi
299 393 374 447 illurn
385 395 470 464 pueri,
482 393 581 450 multae
589 401 710 466 optavere
717 393 833 466 puellae;

210 467 281 521 idem
292 485 378 538 quum
388 467 751 540 tenuiearptusdessoruitun
793 469 811 532 ’,η

211 540 279 595 nulli
289 541 367 596 iilum
377 543 462 614 pueri,
475 542 564 598 nullae
577 553 699 614 optavere
707 559 760 613 pue
772 541 824 596 lae:

156 623 182 668 45
211 616 250 668 sic
262 616 335 688 virgo
344 616 410 670 dum
420 618 514 672 intaeta
523 625 620 683 manet,
633 625 690 672 tum
700 633 759 670 nara
769 617 826 670 suis
835 624 885 672 est.

211 689 300 755 Quum
310 698 411 744 castum
421 692 510 745 amisit
518 689 619 762 pollute
628 707 734 762 empore
744 690 843 755 florem,

212 781 259 817 nec
267 764 357 835 pueris
368 765 482 819 ineunda
492 772 589 830 manet¹
600 781 648 818 nee
657 781 715 819 cara
725 764 832 835 puellis.

212 839 315 912 Hymen
324 854 340 892 ο
350 839 507 912 Hymenaee,
520 840 623 913 Hymen
634 838 695 894 ades
705 855 720 893 ο
730 840 888 913 Hymenaee.

511 961 652 1004 invenem

248 1036 281 1089 Ut
291 1035 372 1088 vidua
382 1035 410 1087 in
419 1033 492 1088 nudo
502 1036 563 1090 vitis
571 1053 639 1108 qnae
649 1036 766 1091 nascitur
776 1052 847 1099 arvo,

158 1121 182 1164 50
212 1126 352 1181 nunqnam
361 1125 389 1163 se
399 1107 507 1173 extollit,
516 1127 656 1182 nunquam
664 1111 755 1165 mitem
764 1109 856 1164 educat
864 1127 959 1177 uvam,

212 1182 748 1256 eedtenerumpronodesseetenspondere
756 1201 860 1255 eorpus,

211 1258 329 1314 iamiam
338 1257 466 1330 eontingit
474 1275 612 1314 summum
623 1259 709 1314 radiae
718 1257 865 1331 flagellum

210 1333 280 1387 hane
289 1331 357 1387 nulli
366 1332 501 1405 agrimlae,
514 1333 583 1389 nulli
592 1333 724 1390 aeeoluere
734 1333 853 1388 iuvenci:

211 1415 237 1462 at
245 1407 268 1461 si
278 1405 343 1461 forte
352 1407 443 1462 eadem
455 1415 494 1462 est
503 1407 577 1463 ulmo
586 1409 724 1464 coniuncta
734 1408 837 1472 marite,

158 1494 182 1534 55
212 1480 289 1536 multi
300 1480 374 1536 iilam
383 1481 519 1555 agrieolae,
532 1482 610 1538 multi
620 1481 752 1537 aeeoluere
761 1481 879 1536 iuvenci:

211 1557 250 1610 sie
259 1555 335 1630 virgo
344 1555 409 1611 dum
419 1557 513 1612 intaeta
523 1564 619 1621 manet,
630 1563 688 1610 tum
698 1554 795 1610 inculta
806 1557 932 1624 senescit,

211 1646 297 1702 quum
305 1647 354 1701 par
362 1632 527 1685 eennnbium
537 1638 640 1685 maturo
649 1638 764 1702 tempore
774 1629 866 1701 adepta
875 1638 924 1695 est,

211 1721 270 1758 cara
279 1704 337 1759 viro
345 1706 439 1780 magis,
451 1713 476 1760 et
486 1707 577 1760 minus
586 1713 625 1760 eet
634 1705 722 1760 invisa
731 1705 842 1776 parenti.

210 1779 244 1832 Et
254 1787 283 1834 tu
293 1796 327 1833 ne
336 1797 426 1852 pugna
436 1797 498 1834 eum
508 1778 554 1833 tali
564 1780 683 1851 onninge,
696 1780 781 1851 virgo.

158 1865 183 1906 ee
212 1855 270 1907 Non
280 1870 395 1924 aequum
406 1861 445 1908 eet
454 1869 581 1924 pugnare,
593 1859 665 1922 pater
675 1853 738 1922 quoi
748 1848 854 1904 tradidit
864 1851 932 1920 ipse,

211 1928 267 1998 ipse
276 1934 348 1998 pater
358 1943 420 1981 eum
429 1933 519 1987 matre,
532 1925 632 1994 quibus
642 1940 732 1994 parere
742 1939 845 1976 neeesse
855 1931 903 1976 est.

211 2001 355 2074 Virginitas
365 2017 416 2054 non
426 2006 477 2052 teta
486 2004 591 2052 tuaest:
612 2013 646 2050 ex
655 2005 728 2067 parte
736 2003 875 2067 parentum
887 2006 936 2050 est.

212 2075 297 2131 Tertia
306 2091 367 2144 pars
377 2071 531 2134 metridate,
542 2087 603 2140 pars
613 2069 672 2124 data
681 2071 755 2124 tertia
764 2070 842 2142 patri,

211 2149 284 2204 tertie
294 2145 402 2201 solatua
412 2152 464 2199 est:
486 2143 539 2198 noli
549 2161 668 2217 pugnare
677 2143 791 2210 duobus,

158 2235 183 2278 65
212 2223 260 2294 qui
270 2237 366 2294 genero
375 2237 423 2274 sua
433 2219 492 2274 iura
502 2218 583 2273 simul
593 2236 654 2274 eum
665 2219 723 2274 dote
733 2219 870 2274 dederunt.

211 2299 314 2369 Hymen
324 2312 340 2350 0
350 2295 506 2369 Hymenaee,
518 2295 621 2368 Hymen
632 2294 693 2350 ades
702 2313 718 2351 ο
726 2296 885 2369 Hymenaee.

441 2458 619 2502 Lxlu.nn
643 2457 726 2500 Amr

250 2541 340 2623 Super
350 2550 400 2608 alta
410 2553 501 2606 vectus
511 2529 576 2628 th's
587 2548 664 2605 celeri
674 2552 727 2604 rate
737 2549 829 2612 maria,
931 2533 934 2540 ⁵

212 2627 360 2702 Phrygium
375 2629 469 2684 nemias
479 2626 554 2682 nitate
563 2625 658 2700 cupide
667 2624 733 2698 pede
742 2623 835 2696 tetigit,
