2020 3036
263 171 472 229 CAR'MINUM
492 175 618 230 LIBER.
780 179 808 230 tl

65 280 117 338 Sed
125 279 252 334 tamenin
262 280 341 334 tantis
351 281 522 343 moeroribus,
535 280 645 347 Hortale,
657 283 733 338 mitto
841 295 866 336 15

103 355 168 409 haee
176 371 300 424 expressa
309 355 357 408 tibi
367 355 483 410 carmina
493 354 631 418 Battiadae,

66 445 100 483 ne
109 435 154 482 tua
164 427 232 482 diota
243 429 318 500 vagis
329 430 507 500 nequicquam
516 426 611 482 credita
622 431 707 484 ventis

103 501 237 556 effluxisse
245 519 304 556 meo
313 501 377 558 sorte
385 510 462 573 putes
470 503 567 566 animo,

67 584 97 631 ut
105 577 220 630 missum
230 577 320 646 sponsi
331 575 428 630 furtivo
437 593 546 630 munere
556 575 658 630 malum

104 651 234 720 procurrit
242 657 312 703 casto
321 650 434 724 virginis
444 667 459 703 e
470 650 580 722 gremio,

68 723 139 795 qnod
150 723 260 777 miserae
268 723 363 778 oblitae
373 723 447 778 molli
456 724 508 777 sub
517 731 589 777 veste
599 723 721 790 locatum,

104 797 171 851 dum
180 795 295 851 adventu
304 797 396 852 matris
405 796 516 868 prosilit,
528 799 673 852 excutitur:

68 879 145 942 atque
154 870 222 924 illud
231 887 314 940 prono
323 888 445 942 praeceps
454 871 541 944 agitur
550 871 671 937 decursu,

104 945 168 999 huic
177 953 266 998 manat
275 945 341 998 tristi
351 945 472 1000 conscius
481 962 525 998 ore
534 947 624 1000 rubor.

208 1071 306 1115 LXVI.
331 1071 430 1115 COMA
451 1073 669 1117 BERENICES.

69 1153 171 1217 Omnia
181 1161 230 1231 qui
239 1163 329 1235 magni
339 1161 454 1232 dispexit
464 1162 566 1218 lumina
576 1162 680 1228 mundi,

104 1236 151 1307 qui
162 1234 296 1290 stellarum
305 1243 378 1290 ortus
387 1238 512 1307 comperit
522 1243 600 1308 atque
613 1238 716 1293 obitusr

67 1307 205 1363 flammeus
214 1318 245 1363 ut
254 1309 339 1380 rapidi
349 1309 416 1364 Solis
426 1312 495 1364 nitor
503 1310 665 1376 obscuretur,

104 1390 134 1436 ut
143 1382 236 1436 cedant
244 1383 320 1438 certis
330 1383 415 1438 sidera
425 1385 596 1455 temporibus

65 1467 96 1512 ut
106 1457 224 1512 Triviam
233 1456 324 1512 furtim
333 1458 384 1512 sub
393 1459 496 1512 Latmia
505 1475 568 1512 saxa
578 1458 706 1532 relegans,

103 1529 190 1585 dulcis
200 1547 273 1586 amor
281 1549 349 1604 gyro
357 1531 463 1586 devocet
473 1533 555 1586 nitrio:

66 1603 136 1658 idem
146 1621 189 1657 me
199 1603 243 1658 ille
253 1605 342 1660 Conon
352 1605 454 1662 coelesti
464 1607 492 1660 in
506 1606 606 1662 lumine
615 1607 683 1662 vidit

102 1679 263 1732 eBereniceo
274 1679 367 1733 vertice
376 1681 515 1737 caesariem

65 1750 211 1824 fulgentem
220 1751 301 1808 olere:
322 1771 404 1824 quam
414 1754 506 1808 multis
514 1753 560 1808 illa
570 1753 688 1818 deorum,

103 1824 188 1880 laevia
197 1825 354 1896 protendens
364 1828 479 1892 brachia,
490 1826 605 1898 pollicita
615 1835 663 1892 est,

64 1916 118 1970 qua
129 1915 176 1953 rex
186 1906 343 1970 tempestate,
356 1918 424 1957 novo
434 1909 526 1956 auctus
536 1902 690 1976 hymenaeo,

103 1980 234 2028 vastatum
248 1974 314 2028 fines
323 1975 404 2030 iverat
413 1976 544 2049 Assyrios,

64 2046 152 2102 dulcia
163 2055 305 2102 nocturnae
313 2056 419 2119 portans
431 2051 538 2123 vestigia
549 2050 630 2115 rixae,

101 2138 185 2192 quam
195 2121 228 2175 de
237 2123 363 2194 virgineis
373 2131 487 2196 gesserat
495 2124 611 2178 exuviis.

65 2194 146 2248 Estne
155 2195 233 2249 novis
241 2196 332 2266 nuptis
340 2197 401 2252 odio
409 2197 516 2252 Venus‘l
534 2205 751 2269 onneparentum

101 2267 264 2324 fmstrantur
272 2268 345 2324 falsis
356 2271 452 2344 gaudia
462 2270 615 2335 lacrimulis,

64 2343 179 2397 ubertim
191 2342 299 2398 thalami
309 2361 376 2416 quas
386 2345 454 2400 intra
464 2345 556 2399 limina
568 2343 702 2398 fundunt?
765 2375 767 2379 s

102 2419 171 2482 Non,
183 2417 219 2472 ita
229 2435 272 2472 me
281 2417 346 2484 divi,
359 2437 419 2475 vera
428 2425 547 2492 gemunt,
560 2417 666 2472 inerim.

64 2490 94 2544 ld
103 2509 162 2546 mea
172 2508 216 2546 me
226 2490 318 2547 multis
327 2493 417 2548 docuit
425 2493 516 2566 regina
526 2491 649 2563 querelis,

101 2565 233 2621 invisente
243 2583 312 2621 novo
321 2565 418 2638 proelia
427 2573 499 2622 torva
512 2567 579 2622 viro.

64 2639 106 2694 An
116 2648 147 2694 tu
157 2657 211 2696 non
222 2640 318 2696 orbum
329 2641 396 2695 luxti
406 2641 507 2696 deserto
516 2640 613 2704 cubile.
