2030 3040
65 686 184 752 SEX.
230 685 462 751 AURELll
508 687 809 752 PROPERTII

321 873 470 933 LIBER
513 875 552 934 ll

290 1217 311 1262 R
334 1217 355 1261 L
377 1218 398 1262 E
422 1218 442 1262 G
465 1219 478 1263 1
501 1221 521 1264 Δ
574 1220 594 1264 l.
771 1215 838 1342 'lm

68 1311 216 1388 Quaeritis,
228 1319 299 1374 undo
308 1319 376 1374 mihi
387 1321 460 1374 totiee
470 1320 619 1374 scribantur
628 1335 738 1383 amores,
839 1299 855 1320 Α

105 1393 177 1449 unde
186 1411 263 1448 meus
272 1393 361 1448 veniet
371 1392 458 1448 mollis
469 1394 496 1448 in
507 1410 552 1448 ora
562 1391 639 1446 liber.

69 1470 126 1523 Non
137 1468 202 1522 haee
214 1466 339 1538 Calliope,
352 1484 404 1522 non
415 1467 479 1522 haee
488 1466 555 1521 mihi
566 1472 652 1521 cantet
662 1463 768 1536 Apollo:

105 1542 244 1628 ingenium
254 1541 331 1597 nobis
342 1541 398 1614 ipsa
408 1539 495 1613 puelle
505 1540 575 1595 lecit.

67 1617 130 1671 Sive
139 1615 213 1670 lllem
223 1615 284 1672 Cois
293 1615 438 1690 fulgentem
449 1615 568 1671 incedere
579 1615 671 1678 oocois,
859 1625 871 1664 5

105 1689 156 1743 hoo
164 1688 335 1745 totumeCoe
345 1697 416 1744 veste
425 1689 549 1744 volumen
558 1688 622 1742 erit:

68 1781 115 1818 seu
126 1761 182 1816 vidi
194 1762 228 1816 ad
240 1761 352 1816 frontem
361 1780 466 1834 sparsos
474 1778 560 1817 emere
567 1759 683 1833 capillos,

106 1834 202 1909 gaudet
211 1835 323 1890 laudatis
333 1837 371 1890 ire
380 1837 493 1908 superbe
503 1835 599 1891 oomis:

5 1957 10 1989 ,Ι
69 1912 126 1965 sive
135 1909 207 1983 lyme
216 1927 322 1965 cannen
331 1910 422 1984 digitis
432 1911 562 1982 percussit
571 1909 689 1974 eburnis,

106 1985 244 2051 miramur,
257 1984 345 2040 faciles
356 1993 385 2040 ut
393 1994 495 2058 premet
505 1993 558 2040 erte
568 2002 678 2040 monus:
845 1993 870 2034 ¹0

10 2098 13 2109 ,
69 2077 115 2114 seu
125 2076 210 2130 quum
223 2068 357 2131 poscentes
367 2077 492 2116 somnum
502 2059 615 2115 declinet
623 2057 728 2122 oeelloe,

107 2134 214 2188 invenio
222 2150 315 2189 causas
324 2133 397 2190 mille
406 2143 481 2208 poete
491 2151 585 2190 noves·

70 2224 116 2262 seu
126 2206 198 2261 nude
207 2216 294 2281 erepto
303 2226 408 2264 mecum
420 2209 532 2263 luctetur
542 2209 649 2270 amictu,

107 2290 163 2334 tum
172 2297 234 2335 vero
244 2281 336 2355 longas
346 2283 485 2337 eondimus
497 2283 606 2337 Iliades:

46 2359 50 2364 '
70 2373 115 2410 seu
126 2354 259 2426 quidquid
269 2353 337 2419 lecit,
349 2356 406 2412 sive
414 2365 454 2410 est
463 2357 642 2428 quodeunque
655 2353 748 2416 locuta,
845 2365 870 2405 15

106 2429 223 2484 maxime
232 2429 266 2484 de
275 2429 360 2486 nihilo
369 2431 485 2486 nescitur
494 2430 612 2486 historie.

71 2503 146 2570 Quod
156 2504 223 2558 mibi
232 2505 376 2570 sitantum,
388 2506 531 2571 Maecenas,
543 2503 594 2560 lala
603 2501 744 2566 dedissent,

109 2586 136 2633 ut
145 2595 252 2650 possem
260 2580 354 2635 heroas
364 2580 459 2636 duoere
469 2582 496 2636 ln
510 2587 582 2635 erma
592 2594 703 2634 manus:

73 2669 128 2782 nol?l
133 2669 182 2727 ego
191 2654 297 2710 Titanes
310 2671 439 2723 canerem,
457 2673 508 2711 non
519 2654 604 2710 Ossan
614 2652 729 2728 Olympo

130 2747 215 2783 emm.
678 2729 704 2782 M
