2030 3036
206 163 240 218 at

494 165 664 221 CATULLI

283 323 432 368 XXXVIL
462 325 508 368 Al)
539 325 872 374 conmonuemus,

283 406 368 470 Salax
380 415 495 481 taberna,
510 435 612 490 vosque
623 420 830 485 contubernales,

242 505 258 543 a
270 488 372 576 pileatis
384 507 454 578 nona
466 490 592 548 inanibus
604 493 667 564 pila,
696 568 702 580 ·

242 563 307 692 ii}
318 566 774 712 ltltssditqt-“ltlltdldit

241 711 401 778 confutuere,
416 722 441 769 et
452 723 544 786 putare
556 723 652 770 eeteros
664 717 769 774 hircos?

242 804 285 852 an,
300 789 462 843 continenter
473 789 547 861 quod
559 789 654 845 sedetis
666 791 762 848 insulsi

241 869 356 927 centum,
371 870 417 916 aut
429 862 544 927 ducenti.
560 881 612 918 non
624 866 722 936 putatis
735 883 863 923 ausurum

241 951 284 990 me
297 953 350 991 una
362 935 489 992 ducentos
501 937 632 994 irrumam
642 941 775 996 sessores?

241 1008 323 1082 Atqui
335 1018 436 1082 putate:
452 1029 568 1085 namque
579 1013 659 1069 totim
671 1015 747 1071 vobis

242 1081 353 1139 frontem
365 1085 487 1142 uberum
499 1087 664 1160 scipionibus
676 1090 801 1144 scribam.

240 1158 329 1214 Puella
342 1177 405 1214 nam
417 1177 484 1228 mea,
498 1179 567 1234 quae
579 1180 638 1219 meo
649 1163 712 1220 sinu
724 1163 801 1238 fugit,

240 1241 325 1288 emata
338 1242 450 1301 tantum,
464 1243 595 1308 quantum
609 1239 741 1294 amabitur
752 1236 835 1302 nulla,

239 1323 352 1380 proque
366 1311 433 1364 mihi
446 1319 510 1366 sunt
525 1328 621 1386 magna
634 1312 702 1369 bella
714 1320 839 1387 pugnate

239 1383 355 1438 consedit
368 1384 436 1441 istic.
456 1387 530 1442 Hanc
540 1387 604 1442 boni
616 1387 738 1458 beatique

239 1473 330 1513 omnes
343 1460 445 1525 amatis,
460 1461 613 1533 etquidem,
625 1460 698 1532 quod
708 1461 850 1532 indignum
859 1470 906 1527 est,

239 1548 330 1587 omnes
342 1533 444 1605 pusilli,
458 1542 483 1588 et
495 1534 621 1588 semitarii
635 1533 750 1588 moechi.-

239 1613 267 1660 tu
280 1615 382 1678 praeter
392 1623 493 1670 omnes,
508 1623 562 1662 une
574 1607 607 1662 de
619 1606 756 1679 capillatis,

237 1679 403 1737 cuniculosae
415 1680 567 1738 Celtiberiae
581 1681 628 1748 lili,

236 1754 342 1828 Egnati,
358 1772 437 1827 opaca
451 1772 531 1827 quem
544 1756 645 1812 bonum
658 1754 719 1811 lacit
731 1756 822 1821 barba,

238 1836 262 1883 et
274 1829 340 1884 dens
352 1831 424 1884 lbera
437 1828 576 1886 defricatus
589 1830 676 1886 urina.

307 1956 474 2000 xxxvm.
504 1957 551 1999 ΑΙ)
582 1955 836 2000 coniunctum.

273 2037 350 2103 Male
361 2055 408 2112 est,
424 2046 557 2112 Cornifici,
572 2054 617 2103 tuo
629 2045 741 2111 Catullo,

237 2121 305 2177 male
317 2129 364 2186 est,
380 2139 422 2176 me
435 2120 552 2188 Hercule,
567 2128 593 2176 et
605 2121 740 2186 laboriose,

236 2197 376 2270 magisque
388 2203 413 2251 et
425 2196 511 2269 magis
525 2197 553 2252 in
566 2196 623 2252 dies
635 2205 661 2252 et
672 2196 760 2254 horas.

236 2269 321 2338 Quem
334 2279 372 2336 tu,
387 2270 459 2344 quod
472 2271 616 2328 minimum
629 2270 839 2345 facillimumque
848 2281 896 2339 est,

236 2363 289 2418 qua
302 2345 400 2402 solatus
413 2364 441 2402 es
453 2345 634 2404 adlocutione?

237 2421 334 2477 Irascor
348 2422 405 2478 tibi.
426 2421 469 2477 Sic
481 2439 552 2478 meos
566 2421 686 2480 amores?

236 2495 357 2552 Paullum
371 2497 501 2570 quidlibet
513 2497 695 2563 adlocutionis,

237 2571 362 2630 moestius
376 2571 491 2628 lacrimis
504 2571 673 2630 Simonideis.
