2030 3040
4 99 7 264 l

272 107 344 161 LlB.
365 106 401 160 11.
429 105 544 162 ELEG.
565 106 645 163 XVI.
782 109 829 162 ⁴99

120 223 147 270 et
157 215 237 271 vitem
247 214 320 270 docta
329 229 425 286 ponere
434 212 500 268 falce
507 231 605 270 comas.

77 289 171 362 Atque
182 289 219 344 ibi
229 307 287 345 rara
296 289 362 344 feres
372 287 471 344 inculto
480 295 538 344 tura
548 288 651 355 sacello,

120 365 222 419 hoedus
232 365 280 420 ubi
289 371 403 438 agrestes
411 370 513 419 corruet
522 370 582 418 aute
590 362 669 429 focos,

79 440 205 512 protinus
214 447 240 495 et
250 439 322 494 nuda
331 439 438 492 choreas
447 438 583 493 imitabere
592 455 663 502 sura,

120 515 210 570 omnia
220 515 254 569 ab
264 521 370 569 externo
379 513 433 567 sint
442 513 521 568 modo
529 519 585 568 tuta
598 513 665 567 viro.

80 589 336 662 lpseegoveuabor.
375 589 755 642 IamnuncmesacraDianae

120 666 263 735 suscipere,
274 670 300 717 et
309 662 403 720 Veneri
412 679 508 733 ponere
517 669 577 717 vcta
587 661 670 718 iuvat.

81 739 212 810 Incipiam
222 745 324 810 captare
334 736 410 802 feras,
421 743 447 791 et
456 735 563 792 reddere
574 737 642 808 pinu

121 829 228 878 cornua,
241 820 267 867 et
274 813 385 867 audaces
395 811 452 884 ipse
461 828 568 867 monere
576 827 663 867 canes.

82 889 144 942 Non
154 895 251 953 tamen,
263 894 293 941 ut
302 893 389 942 vastos
399 886 486 941 ausim
494 892 593 942 tentare
603 885 699 953 leones,

123 969 169 1016 aut
177 961 244 1016 celer
252 962 497 1035 agrestesccminus
507 961 545 1015 ire
554 978 627 1015 sues.

83 1037 153 1091 llaec
162 1037 244 1110 igitur
251 1036 318 1090 mibi
328 1037 363 1091 sit
372 1035 472 1107 lepores
481 1035 590 1092 audacia
599 1035 692 1091 molles

121 1113 250 1182 excipere,
261 1117 286 1164 et
295 1117 394 1164 structo
403 1111 483 1182 figere
492 1127 568 1166 avem
573 1111 691 1167 calamo:

83 1202 138 1257 qua
147 1183 261 1239 formosa
269 1200 318 1238 auc
327 1183 477 1238 Clitumnus
487 1184 598 1239 flumina
608 1184 668 1240 luco

122 1259 224 1331 integit,
235 1265 261 1312 et
271 1257 361 1311 niveos
371 1257 456 1312 abluit
464 1258 537 1312 unda
546 1259 636 1314 boves.

84 1334 135 1397 Tu,
148 1333 250 1404 quoties
260 1329 363 1401 aliquid
372 1331 506 1396 conabere,
519 1331 582 1396 vita,
594 1341 724 1388 memento

123 1413 264 1462 venturum
275 1405 366 1476 paucis
377 1422 419 1459 me
430 1405 477 1458 tibi
486 1403 623 1460 Luciferis.

84 1481 128 1537 Sic
138 1498 181 1536 me
190 1497 238 1536 uec
247 1479 317 1534 solae
325 1486 447 1551 poterunt
456 1486 571 1535 avertere
579 1479 670 1544 silvae,

123 1573 171 1611 uec
180 1573 247 1630 vaga
257 1554 386 1608 muscosis
396 1552 507 1609 flumina
516 1553 575 1609 lusa
586 1554 665 1626 iugis,
675 1567 678 1570 ⁴

4 1645 5 1712 }
85 1631 249 1703 quinegoin
259 1628 366 1684 assidua
376 1635 478 1684 mutem
487 1635 533 1683 tua
543 1628 650 1684 nomina
661 1626 761 1701 lingua.

4 2635 8 2688 l

123 1704 225 1760 absenti
234 1719 313 1759 nemo
322 1721 355 1758 ne
365 1703 487 1758 nocrrisse
496 1702 569 1759 velit.

328 1830 490 1876 ELEGIA
517 1829 594 1874 xv1.

87 1911 165 1988 Quid
175 1919 220 1976 fles
230 1921 342 1978 abducta
351 1922 461 1995 grauiam
470 1921 604 1978 Briseide?
622 1920 689 1993 quid
699 1918 745 1975 llas

123 1997 201 2054 anxia
211 1997 314 2069 captiva
324 1997 424 2053 tristius
434 1995 636 2054 Andromacha?

87 2071 187 2143 quidve
195 2089 253 2127 mea
263 2072 296 2127 de
304 2071 397 2128 fraude
406 2072 478 2138 deos,
489 2073 592 2136 insana,
604 2067 716 2143 fatigas?

125 2144 191 2216 quid
200 2147 318 2216 quereris
328 2153 444 2202 nostram
457 2147 496 2200 sic
505 2146 629 2201 cecidisse
638 2142 736 2199 fidem‘?

90 2220 146 2273 Non
156 2225 210 2273 tam
220 2227 346 2272 nocturna
356 2219 472 2274 volucris
481 2219 584 2274 funesta
594 2216 700 2290 querela

125 2292 207 2350 Attica
218 2292 349 2363 Cecropiis
358 2292 485 2364 obstrepit
492 2293 520 2347 in
529 2292 614 2348 foliis:

90 2383 136 2423 nec
144 2374 247 2422 mutum
256 2366 340 2422 Niobe
349 2366 391 2422 bis
401 2384 448 2422 sex
458 2367 492 2422 ad
500 2367 578 2422 busta
591 2365 705 2437 superba

126 2441 235 2497 sollicito
245 2441 367 2497 lacrimas
376 2441 477 2514 depluit
485 2459 501 2497 e
509 2440 612 2516 Sipylo.

91 2518 130 2573 Mc
139 2515 198 2572 licet
207 2518 299 2572 aeratis
310 2514 473 2591 adstringant
483 2516 590 2572 brachia
600 2514 686 2580 nodis,

126 2592 178 2649 siut
187 2610 245 2650 mea
255 2592 297 2650 vel
307 2592 408 2650 Danaes
417 2589 522 2649 condita
531 2591 651 2648 membre
660 2589 752 2660 domm
