2040 3030
187 150 237 206 256
452 147 664 206 PROPERTll

224 254 349 328 luppiter,
360 245 484 326 obliduae
492 257 571 330 signa
580 257 669 314 iterata
678 265 758 314 rotae.

131 341 157 385 85
186 331 247 388 Dixi
256 347 313 404 ego,
324 347 409 402 quum
420 331 540 404 geminos
548 330 704 403 produceret
713 331 789 390 Arria
799 342 885 402 natos,

223 404 281 478 (illa
290 404 368 460 dabat
378 405 446 460 natis
456 422 529 461 arma
539 413 641 462 vetante
650 405 712 480 deo)

186 496 240 535 non
249 496 326 551 posse
335 479 369 534 ad
378 479 474 551 patrios
483 498 532 535 sna
540 480 595 553 pila
604 479 698 536 referre
706 489 823 553 penates.

224 556 324 626 Nempe
332 571 418 609 meam
428 553 534 610 firmant
543 573 616 610 nuno
623 555 678 611 duo
687 555 764 612 busta
775 556 865 614 fidem.

186 627 290 701 Quippe
300 630 444 700 Lupercus,
455 630 518 701 equi
527 629 594 685 dum
603 630 693 686 sauoia
702 632 876 706 protegitote,

131 714 157 758 to
224 704 278 760 heu
286 703 337 759 sibi
347 702 469 778 prolapso
478 721 532 761 non
541 704 608 760 bene
616 705 686 762 eavit
694 722 774 778 equo.

186 778 279 834 Gallus
289 786 323 842 at,
336 778 365 834 iu
374 778 465 834 metris
474 778 541 834 dum
549 779 647 835 eredita
655 779 733 853 signa
743 787 839 847 tuetur,

223 852 336 907 ooncidit
345 860 406 909 ante
414 853 519 924 aquilae
527 862 609 909 rostra
618 861 725 910 muenta
734 872 807 912 suae.

185 926 287 982 Fatales
296 927 381 998 pueri,
393 926 447 982 duo
455 926 548 982 sunere
560 929 650 984 matris
659 946 761 996 avarae,

224 1017 294 1064 vera,
306 999 353 1054 sed
361 1000 454 1064 invito,
464 1002 575 1074 oontigit
583 1003 631 1058 ista
641 1002 717 1060 tides.

131 1086 156 1129 ⁹5
186 1075 259 1130 Idem
267 1091 324 1146 ego,
337 1090 422 1145 quum
433 1074 543 1130 Cinarae
553 1075 664 1132 traheret
673 1078 774 1134 Lucina
783 1077 894 1145 dolores,

222 1157 247 1203 et
256 1147 368 1203 faoerent
376 1148 443 1204 uteri
452 1149 567 1222 pondero
577 1149 648 1207 lenta
656 1157 768 1219 moram,

184 1224 298 1280 »lunoni
308 1231 400 1280 votum
409 1223 485 1282 facite
493 1225 686 1298 impetrabile«
699 1226 766 1283 dixi.

222 1297 360 1371 lllaparit:
382 1298 458 1356 libris
466 1307 506 1356 est
515 1300 574 1356 data
583 1301 671 1373 palma
682 1302 757 1357 meis.

185 1373 239 1428 Hoo
248 1390 335 1446 neque
344 1391 484 1431 arenosum
494 1375 594 1450 Libyae
602 1376 672 1432 Iovis
681 1375 919 1448 explimtantrum,

131 1458 170 1501 too
220 1448 748 1510 autsibioommissosfibralooutadeos:

185 1529 231 1580 aut
240 1523 264 1577 si
274 1523 337 1597 quis
346 1533 430 1580 motos
439 1524 550 1580 oerniois
559 1525 670 1580 senserit
678 1525 747 1582 alas:

221 1598 351 1655 umbrave
360 1615 429 1671 quae
437 1598 547 1672 magicis
556 1607 661 1654 mortun
669 1599 757 1672 prodit
766 1600 857 1671 aquis:

185 1671 355 1744 adspicienda
365 1673 408 1728 via
417 1681 457 1728 est
464 1672 538 1738 ooeli,
549 1689 696 1746 versusque
704 1691 751 1746 per
760 1683 828 1730 astra

221 1755 327 1813 trames,
340 1755 365 1803 et
373 1747 407 1804 ab
417 1749 492 1804 zonis
500 1749 621 1820 quinque
629 1748 740 1820 petenda
750 1749 824 1814 fides,

130 1831 169 1875 loe
182 1820 324 1894 ielioesque
333 1823 402 1878 lovis
411 1822 509 1887 stellae,
521 1823 665 1894 Martisque
674 1822 785 1893 rapacis,

222 1904 246 1950 et
255 1913 336 1967 grave
346 1895 452 1950 Saturni
461 1896 536 1950 sidus
547 1897 575 1950 in
584 1912 663 1950 omne
672 1902 760 1965 caput.

184 1968 255 2036 Quid
264 1975 386 2022 moveant
393 1967 489 2030 Pisoes,
502 1968 673 2036 animosaque
681 1967 758 2039 signa
767 1967 873 2031 Leonis,

222 2041 290 2095 lotus
299 2047 324 2093 et
333 2038 456 2108 Hesperia
465 2038 532 2108 quid
542 2037 716 2110 Caprioornus
726 2057 807 2112 aqua.

183 2111 343 2184 Exemplum
352 2128 434 2186 grave
442 2112 491 2166 erit
499 2111 623 2169 Calchas:
644 2131 760 2187 namque
768 2112 866 2171 Aulide
879 2119 937 2174 sol-

677 2189 717 2244 vit

130 2275 169 2319 tto
220 2262 265 2319 ille
273 2261 340 2319 bene
348 2262 484 2318 haerentes
493 2261 526 2319 ad
535 2263 579 2336 pia
589 2281 653 2320 saxa
663 2271 741 2322 rates.

184 2338 257 2394 idem
265 2337 489 2414 Agamemnoniae
498 2338 597 2395 terrum
607 2341 708 2396 cervice
717 2340 821 2414 puellae

222 2414 309 2480 tinxit,
320 2423 345 2470 et
353 2413 456 2471 Atrides
467 2413 524 2472 vela
533 2422 641 2472 cruenta
651 2413 733 2472 dedit.

184 2489 238 2546 Neo
247 2489 346 2546 rediere
355 2497 443 2546 tamen
452 2491 545 2548 Danai.
584 2490 720 2547 Tudiruta
728 2489 819 2550 fletum

220 2565 366 2638 supprime,
378 2573 403 2620 et
412 2565 543 2622 Euboioos
553 2567 660 2638 respioe,
672 2566 758 2633 Troia,
769 2567 857 2624 sinus.

130 2648 172 2694 115
183 2639 314 2714 Nauplius
323 2639 421 2698 ultores
429 2641 482 2700 sul)
491 2649 592 2700 noctem
601 2641 713 2718 porrigit
723 2641 808 2718 ignee,

1006 2558 1013 2594 l
