2020 3036
206 158 239 208 aa
496 154 666 209 caucam

220 233 292 375 s
301 311 431 358 cxv111.
462 316 507 358 an
537 315 758 360 1uvunr1uu.

207 397 335 476 Surripui
348 405 410 468 tibi,
425 404 490 460 dum
504 405 588 472 ludis,
604 405 701 461 mellite
714 407 827 471 Iuventi,

143 506 146 514 ·
243 479 372 535 saviolum
386 478 457 534 dulci
470 479 575 535 dulcius
588 480 728 534 ambrosia.

206 557 303 610 Verum
313 553 341 607 id
351 571 402 608 non
415 555 524 625 impune
533 555 595 609 tuli:
607 572 724 625 namque
732 554 847 625 amplius
857 554 950 609 horam

241 627 370 683 suffixum
383 629 410 682 in
424 645 530 684 summa
542 647 585 683 ma
597 629 707 683 memini
720 645 873 692 esseorum,

151 715 162 755 5
205 703 270 757 dum
284 703 331 757 tibi
345 719 387 757 me
398 719 493 775 purgo,
509 721 555 758 nec
567 721 676 774 possum
689 702 794 758 lletibus
807 702 870 757 ullis

242 776 375 831 tantillum
388 787 490 831 vostrae
501 777 605 832 demere
618 778 750 833 saevitiae.

205 852 272 905 Nam
285 850 364 904 simul
378 850 406 904 rd
419 850 515 905 lactum
528 860 575 916 est,
590 852 682 906 multis
695 852 776 906 diluta
791 850 884 905 labella

241 925 360 979 abstersti
372 925 454 998 guttis
465 927 590 981 omnibus
603 926 730 992 articulis,

206 998 397 1071 nequidquam
411 1008 498 1054 nostro
511 1009 672 1056 contractum
684 1019 717 1056 ex
729 1017 774 1055 ore
787 1010 911 1063 maneret,

151 1084 176 1125 to
245 1081 379 1145 tamquam
393 1075 565 1129 comminctao
577 1093 672 1146 spurca
685 1075 768 1132 saliva
782 1073 869 1144 lupae.

205 1149 336 1202 Praeterea
348 1146 441 1202 infesto
455 1149 581 1205 miserum
595 1167 637 1204 me
650 1150 749 1204 tradere
762 1149 851 1202 Amori

242 1238 295 1276 non
308 1223 422 1287 cessasti,
436 1225 563 1296 omnique
575 1225 725 1279 excruciare
737 1223 828 1278 modo:

204 1303 234 1350 ut
243 1300 281 1350 mi
294 1314 326 1351 ex
339 1297 470 1353 ambrosio
482 1306 613 1354 mutatum
626 1299 679 1353 iam
692 1298 757 1353 soret
769 1296 835 1351 illud

243 1370 374 1427 saviolum
388 1373 454 1431 tristi
468 1373 569 1428 tristius
582 1373 723 1428 helleboro.

151 1457 176 1499 55
207 1445 293 1512 Quam
306 1447 432 1518 quoniam
446 1463 556 1518 poenam
569 1449 664 1502 misero
677 1447 802 1519 proponis
816 1461 907 1506 amori,

90 1045 104 1074 0

242 1538 380 1592 nunquam
394 1523 446 1576 iam
459 1520 566 1592 posthac
578 1522 650 1576 basia
663 1522 815 1592 surripiam.

270 1648 371 1690 XClX.
402 1649 448 1691 DE
478 1649 608 1692 cultum
637 1649 685 1692 ET
716 1647 882 1700 cornulo.

206 1732 315 1794 Coelius
329 1739 491 1805 Aufilenum,
506 1748 531 1794 et
543 1740 667 1806 Quintius
681 1739 839 1804 Aufilenam,

240 1813 287 1868 llos
301 1815 480 1868 Veronensum
490 1814 631 1885 depereunt
644 1815 781 1878 iuvenum,

204 1889 248 1942 hic
257 1887 370 1952 fratrem,
384 1887 427 1941 ille
436 1905 561 1943 sororem.
573 1889 626 1942 lloc
634 1888 753 1959 estquod
762 1887 858 1942 dicitur
869 1885 935 1942 illud

241 1961 383 2016 fraternum
398 1979 457 2015 vere
469 1961 546 2015 dulce
558 1961 719 2016 sodalitium.

150 2051 161 2091 5
203 2037 270 2103 Quoi
282 2034 384 2090 faveam
398 2034 503 2105 potius?
521 2035 601 2096 Coeli,
616 2035 678 2089 tibi:
707 2053 768 2089 nam
782 2044 826 2088 tua
839 2037 916 2090 nobis

239 2108 349 2181 perlecta
362 2109 477 2181 exigitur
489 2109 566 2164 unica
579 2109 701 2173 amicitia,

204 2201 288 2257 quum
302 2199 398 2237 vesana
411 2201 483 2238 meas
493 2191 598 2238 torreret
610 2181 716 2238 {lamma
727 2182 866 2238 medullas.

241 2258 282 2312 Sis
295 2256 367 2322 felix,
383 2257 467 2326 Coeli;
483 2259 521 2313 sis
534 2259 561 2313 in
575 2275 663 2313 amore
676 2267 773 2330 potens.

207 2389 232 2428 C.
265 2385 447 2431 lnuuttltu
482 2389 528 2433 AD
562 2388 722 2432 artasatis
752 2388 947 2434 TUMULUM.

203 2468 308 2532 Multas
321 2487 469 2554 pergentes
482 2488 506 2534 et
518 2479 600 2535 multa
614 2497 660 2552 per
673 2495 784 2552 aequora
798 2487 888 2535 vectus

240 2552 352 2609 advenio
364 2554 412 2608 has
425 2555 548 2620 miseras,
564 2554 649 2618 irater,
665 2554 698 2609 ad
711 2553 825 2620 inferias,

203 2635 233 2683 nt
246 2636 270 2683 te
283 2636 414 2700 postremo
426 2630 550 2687 donarem
564 2647 674 2685 munere
687 2631 786 2693 mortis,
