2030 3040
5 149 7 228 i

280 174 351 229 LIB.
372 175 410 228 11.
440 173 554 228 ELEG.
576 174 628 229 1x.
781 179 829 228 {89

5 287 7 314 r
118 280 243 346 Pierides,
256 282 346 355 megni
357 298 430 337 nuno
438 281 487 336 erit
498 283 551 336 oris
560 298 638 352 opus.

79 359 139 414 lem
148 362 227 428 negat
235 354 383 428 Euphrates
392 357 508 428 equitem
517 362 576 428 post
585 362 657 429 terge
668 359 736 411 tueri

120 431 286 496 Parthorum,
298 437 323 486 et
332 431 439 486 Crassos
448 447 476 484 se
485 431 601 486 tenuisse
610 429 689 486 dolet.

81 504 158 560 Indie
167 505 243 576 quin,
254 504 382 578 Auguste,
393 512 439 559 tuo
449 504 493 560 det
502 504 567 559 eolla
579 504 721 576 triumpho,

120 578 251 634 etdomus
260 578 634 634 intuetuetetremitrtrebiee:
857 591 883 633 to

82 659 116 718 et,
127 653 152 708 si
160 671 215 726 qua
223 654 347 708 extremis
356 651 434 708 tellus
444 671 473 708 se
482 653 685 718 subtrahimus,

120 729 213 783 sentiet
222 727 267 783 iiie
276 735 336 784 tuns
344 728 481 800 postmodo
489 735 563 800 eapte
573 744 679 782 munus.

3 877 4 886 ἵ
63 801 300 879 ·Heeoepooustre
310 819 419 875 sequen
440 810 512 858 vates
523 809 568 857 tua
578 802 786 858 castremnendo

122 865 301 950 meghusoro:
321 883 426 933 servent
435 877 507 932 huno
515 877 582 931 mihi
592 875 643 932 sete
653 875 738 932 diem!

86 951 119 1007 Ut
128 951 358 1026 oeputinmngnis
367 951 414 1008 ubi
427 968 480 1007 non
490 958 530 1006 est
537 958 582 1007 ten
601 953 747 1026 oresignis‚
858 963 883 1007 25

120 1026 227 1098 ponitur
240 1025 285 1081 hio
293 1027 361 1082 imos
370 1033 430 1082 ente
438 1043 532 1082 eorone
540 967 634 1099 peges:

84 1100 123 1155 sio
133 1117 190 1166 nos,
202 1117 275 1156 nune
282 1101 373 1173 inopes
383 1101 469 1156 leudis
478 1100 651 1156 oonsoendere
660 1118 774 1167 eumen,

122 1173 282 1245 pauperibus
291 1175 373 1229 saeris
385 1173 446 1229 vilia
455 1183 515 1232 ture
523 1174 629 1230 demus.

84 1247 210 1305 Nondum
220 1248 299 1303 etiam
307 1247 432 1304 Ascraeos
442 1256 540 1303 norunt
548 1265 607 1303 mee
615 1249 731 1304 oermine
741 1248 834 1315 tontes,

121 1320 256 1377 sedmodo
265 1322 393 1376 Permessi
402 1319 513 1377 flumine
522 1321 587 1378 levit
596 1321 685 1376 Amor.
858 1336 883 1377 to

84 1397 206 1453 Scribant
214 1394 248 1451 de
257 1402 282 1450 te
291 1395 345 1460 eiii,
357 1394 400 1451 vel
409 1394 447 1450 sie
457 1395 546 1469 ignota
556 1394 657 1450 lioebit:

122 1470 218 1536 laudet,
230 1469 278 1543 qui
287 1469 369 1526 sterili
377 1469 479 1525 semina
488 1470 563 1542 ponit
571 1469 664 1524 humo.

84 1545 190 1612 Omnia,
201 1544 276 1600 erede
285 1544 362 1611 mihi,
372 1561 463 1601 seeum
473 1561 528 1600 uno
536 1560 647 1600 munere
656 1543 720 1598 leot)

120 1619 219 1676 rueret
226 1621 336 1675 extremi
345 1619 446 1674 funeris
455 1627 510 1674 ntra
521 1617 592 1675 dies:

84 1692 640 1758 ettuatrensibitoontemnensoeeuvietor,
858 1702 884 1745 35

122 1785 170 1824 nee
179 1767 255 1833 diuet,
268 1785 330 1823 curs
339 1785 380 1824 rue
391 1785 468 1824 soom
480 1785 571 1824 rurum
581 1785 647 1823 surr.

337 1898 355 1940 u
366 1897 385 1940 u
396 1897 415 1940 Ε
427 1896 469 1940 ur
480 1896 500 1938 n
526 1894 574 1938 rx.

85 1980 251 2062 Quicunque
260 1987 306 2044 ills
314 1987 374 2054 fuit,
385 2005 498 2061 puerum
510 1986 557 2060 qui
568 1986 657 2059 pinxit
665 1985 798 2042 Amorem.
811 1910 893 2050 Q
911 2001 916 2011 “

122 2082 209 2121 nonne
218 2071 295 2137 putes
304 2063 386 2118 miros
396 2063 469 2119 huno
477 2062 604 2117 habuisse
613 2059 728 2116 manus?

1 2128 4 2137 ⁸
85 2139 133 2194 Hio
141 2140 260 2211 primum
269 2137 346 2203 vidit,
358 2137 416 2193 sino
425 2155 505 2192 sensu
515 2137 604 2192 vivere
613 2142 740 2199 eruentes,

122 2220 146 2268 et
155 2212 259 2267 levibus
268 2212 339 2266 euris
349 2227 446 2284 magne
454 2211 540 2282 perire
548 2210 628 2265 bone.

85 2287 157 2344 idem
167 2303 219 2342 non
229 2285 325 2340 frustra
334 2291 455 2341 ventosus
464 2282 565 2338 eddidit
574 2282 638 2346 eles,

122 2360 182 2416 feeit
190 2367 216 2415 et
223 2360 342 2426 humano
351 2357 427 2414 eorde
436 2356 524 2413 volere
533 2356 627 2411 deum:

85 2435 182 2493 soilioet
191 2435 289 2490 alterna
298 2433 426 2506 quoniam
434 2432 561 2487 iactamur
571 2433 599 2486 in
607 2429 690 2495 unda,

121 2518 263 2583 nostreque
272 2525 324 2565 non
335 2506 399 2563 uilis
408 2513 543 2580 permanet
552 2523 616 2561 oure
626 2504 700 2560 loris.

85 2587 118 2641 Et
126 2586 218 2641 merito
227 2584 340 2640 tremotis
350 2599 446 2639 monus
454 2588 494 2637 eet
502 2587 600 2636 armeta
608 2581 720 2654 sagittis,

121 2657 436 2732 etpheretruoxhumero
445 2655 747 2728 Gnosieutrnqueieoet‚
858 2662 883 2703 to
983 2671 993 2677 Δ
