2020 3036
235 165 268 217 78
522 164 692 220 CATULLI

273 273 301 327 ia
314 273 411 328 misero
422 273 473 328 hoe
486 280 582 340 nostro,
597 272 648 327 hoe
659 271 760 343 perdito
773 289 861 330 amore
872 273 936 340 fore,
995 286 996 308 ยน

235 346 308 418 quod
320 353 345 401 te
357 364 511 421 eognosaem
525 347 605 412 hena,
624 353 840 418 constantemque
850 357 982 420 putarem,

273 430 318 476 aut
330 439 432 492 possea
445 422 518 494 turpi
531 429 646 476 mentem
659 421 780 476 inhibere
791 423 898 493 probro,

180 506 192 548 5
235 495 282 550 sed
298 496 372 567 quod
389 513 438 552 nee
453 507 578 562 matrem,
602 512 651 552 nee
662 512 816 570 germanam
833 513 891 552 esse
910 499 997 592 vide-y

731 569 795 624 ham

272 644 342 699 hane
353 645 410 710 tihi,
424 646 503 700 euius
515 661 558 699 ma
570 659 685 717 magnus
697 643 790 699 edebat
802 659 885 700 amor.

237 719 271 774 Et
283 720 407 790 quamvis
420 727 507 774 taeum
519 717 605 774 multe
617 719 791 792 eoniungarer
803 735 865 783 neu,

272 810 325 848 non
338 793 401 848 satis
413 793 441 847 id
453 810 547 848 causae
559 791 718 847 eredideram
732 809 789 847 asse
798 792 858 847 tibi.

235 868 276 924 Tu
288 868 352 921 satis
364 866 392 920 id
404 867 494 922 duxti:
509 875 612 922 tantum
625 867 674 921 tibi
686 867 817 940 gaudium
830 868 858 921 in
871 870 945 923 omni

180 952 206 993 re
271 941 350 1014 eulpa
362 949 410 1006 eet,
425 942 453 996 in
467 957 638 1015 quaeumque
650 950 689 996 eet
701 940 804 1014 aliquid
816 941 931 996 sacieris.

445 1069 520 1114 XCI.
549 1071 597 1116 DE
627 1071 768 1116 LESBIA.

234 1153 334 1216 Lesbia
347 1167 386 1217 ml
403 1161 468 1218 dicit
480 1179 584 1235 semper
596 1162 674 1229 male,
690 1180 738 1218 nec
750 1170 816 1217 taeet
828 1178 961 1234 umquam

271 1234 305 1290 de
316 1253 372 1292 me:
387 1237 480 1293 Lesbia
492 1255 544 1304 me,
559 1238 715 1309 dispeream,
730 1237 783 1292 nisi
796 1243 876 1292 amat.

234 1311 293 1377 Quo
305 1309 401 1384 signe?
413 1313 476 1386 qnia
489 1319 553 1368 sunt
565 1312 673 1368 totidem
686 1330 757 1368 mea:
772 1311 896 1383 depranam
909 1312 982 1367 illam
999 1363 1000 1372 ,

271 1387 390 1446 assidue:
417 1405 511 1444 verum
524 1387 681 1460 dispeream,
697 1387 749 1442 nisi
762 1403 832 1443 amo.

408 1515 498 1559 xcu.
526 1515 566 1558 IN
596 1514 802 1560 CAESAREM.

234 1595 285 1663 Nil
298 1607 413 1661 nimium
427 1606 528 1672 studeo,
542 1606 646 1671 Caesar,
661 1606 710 1661 ribi
723 1606 791 1661 velle
803 1606 913 1678 plaeere,

271 1697 320 1737 nee
331 1681 407 1747 seire,
422 1688 513 1737 utrum
526 1681 563 1736 sis
576 1680 653 1736 albus
665 1699 699 1736 an
713 1691 767 1736 ater
779 1682 868 1737 homo.

398 1807 504 1853 XCIII.
532 1808 571 1854 IN
594 1807 815 1854 mamaeam.

233 1890 358 1955 Mentula
371 1899 536 1956 moechatur:
547 1899 700 1955 moechatur
712 1899 844 1955 mentula:
857 1911 936 1959 eerte

271 1975 325 2030 Hoo
336 1983 376 2029 est
388 1972 461 2046 qnod
473 1972 578 2028 dieunt:
593 1975 653 2044 Ipsa
665 1972 735 2028 olera
747 1971 797 2027 olla
809 1973 882 2048 legit.

247 2100 347 2144 XCIV.
378 2101 425 2144 DI}
454 2099 605 2144 satana
635 2098 777 2144 clam
807 2100 970 2152 Pelinna.

234 2184 354 2266 Smyrna
366 2191 418 2246 mei
432 2191 540 2257 Cinnae,
555 2208 653 2247 nonam
662 2200 721 2264 post
730 2191 983 2265 deniquemeasem,

309 2283 352 2322 am
369 2274 458 2339 eoepta
470 2275 518 2332 aet,
537 2283 689 2340 nonamque
700 2267 769 2323 edita
782 2276 841 2340 poet
853 2269 982 2338 hiemem,

232 2341 279 2395 mil
291 2342 317 2396 ia
329 2349 416 2413 qnam
429 2343 525 2398 interea
537 2343 684 2418 quingenta
696 2344 850 2400 Hortensius
862 2361 918 2402 uno

233 2491 347 2566 Smyrna
364 2509 443 2548 cavas
459 2493 576 2550 barathri
587 2493 694 2566 penitus
707 2493 823 2548 mittetur
835 2492 869 2546 ad
881 2496 981 2564 undas,

270 2566 414 2640 Smyrnam
427 2569 521 2624 ineana
534 2568 581 2624 diu
593 2568 697 2624 saecula
709 2567 872 2640 pervoluent.

232 2644 266 2697 at
278 2641 369 2699 Volusi
382 2643 497 2700 Annales
509 2643 615 2719 aduam
627 2644 773 2700 morientur
785 2641 818 2697 ad
831 2641 931 2714 ipsum,
