2030 3040
300 151 371 205 LIB.
392 151 430 205 11.
459 150 572 206 ELEG2
593 154 631 208 11.
787 160 830 210 481

129 260 183 332 egit
191 265 222 312 ut
230 265 336 313 evantes
345 258 402 312 dux
410 257 525 313 Ariadna
534 260 639 327 choros3

90 342 115 388 et
125 339 265 406 quantum,
275 331 364 388 Aeolio
373 349 459 404 quum
469 339 548 388 tentat
557 334 673 388 earmina
682 334 778 406 plectro

128 425 177 480 per
185 405 353 480 Aganippeae
363 405 453 461 ludere
462 406 535 461 docta
547 405 632 480 lyrae;
863 422 889 464 3ο

90 489 116 536 et
125 498 174 536 sua
183 497 269 552 quum
280 481 403 552 antiquae
413 481 551 536 oommittit
560 482 656 552 scripta
666 481 803 549 Corinnae,
963 480 966 489 ¹

128 555 298 626 carminaque
307 555 419 608 Erinnes
430 571 481 610 non
492 562 567 626 putat
578 572 661 627 aequa
672 559 738 610 suis.

4 625 5 628 ’
91 632 163 683 Νιιιιι
172 629 221 684 tibi
231 629 346 683 nasoenti
356 628 460 700 primis,
472 645 530 684 mee
541 629 603 694 vitu,
615 629 709 685 diebus

128 719 224 758 aureus
233 712 357 776 argutum
367 703 478 758 sternuit
487 720 564 758 omen
574 703 674 759 Amor?

91 779 159 832 Haeo
166 775 215 832 tibi
224 776 390 832 contulerunt
398 776 515 832 eoelestia
527 795 636 833 munera
646 778 711 844 divi,

128 851 192 906 haec
200 850 248 906 tibi
259 868 292 904 ne
302 859 411 906 matrem
421 850 485 906 forte
494 852 598 907 dedisse
607 860 693 924 putes.

91 927 159 991 Non,
171 942 225 980 non
234 925 346 980 humani
355 933 446 998 partus
456 935 519 982 sunt
528 927 588 982 talia
600 927 682 982 dona:

128 1001 177 1054 ista
186 999 276 1054 decem
286 1015 390 1055 menses
400 1017 453 1055 non
463 1018 585 1073 peperere
594 1001 674 1058 bona.

91 1074 180 1130 Gloria
189 1075 315 1130 Romanis
326 1092 378 1129 ιιιιι
388 1091 416 1129 es
426 1083 454 1130 tu
464 1085 523 1131 neta
532 1075 642 1148 puellis:

128 1149 244 1204 Romana
254 1149 393 1202 recumbes
402 1150 487 1220 prima
497 1150 584 1220 puella
594 1151 664 1218 Iovi;

91 1241 138 1278 nec
147 1238 250 1294 semper
259 1222 397 1278 nobiseum
406 1222 523 1278 humana
532 1222 630 1278 cubilia
640 1224 720 1279 vises:

127 1305 186 1370 post
194 1295 320 1351 Helenam
330 1296 394 1350 haec
402 1297 477 1350 terris
487 1294 570 1351 forma
580 1297 695 1351 secunda
705 1298 781 1353 redit.

90 1373 144 1427 Hac
152 1388 201 1444 ego
210 1387 283 1425 nunc
290 1371 371 1426 mirer
380 1369 403 1424 si
412 1367 503 1442 flagret
511 1377 598 1424 nostra
607 1371 750 1426 iuventus?

127 1445 268 1501 Pulchrius
277 1445 328 1499 heo
337 1442 429 1509 fuerat,
441 1444 526 1508 Troia,
539 1444 624 1516 perire
633 1445 692 1498 tibi.

91 1520 162 1576 Olim
171 1520 295 1584 mirabar,
306 1518 379 1592 quod
388 1519 453 1574 tanti
467 1519 500 1574 ad
510 1521 636 1592 Pergama
644 1518 707 1573 belli

128 1596 248 1665 Europae
257 1602 336 1667 atque
345 1592 422 1648 Asiae
431 1610 509 1648 cause
519 1592 608 1665 puelle
617 1592 677 1648 fuit.

1 1675 2 1684 ¹
91 1671 177 1736 Nunc,
189 1669 258 1733 Pari,
269 1676 299 1722 tu
309 1668 423 1738 sepiens,
437 1674 461 1720 et
472 1675 508 1731 tu,
521 1667 646 1732 Menelee}
657 1665 746 1722 fuisti:

128 1750 166 1805 tu,
178 1741 242 1814 quia
251 1741 389 1812 poscebas;
410 1747 448 1805 ιιι,
460 1741 524 1812 quia
534 1739 621 1795 lentus
629 1757 696 1796 eras.

92 1816 175 1888 Digna
185 1814 294 1886 quidem
304 1812 391 1878 facies,
403 1829 514 1886 proque
525 1813 565 1869 vel
575 1815 659 1870 obiret
668 1813 796 1870 Achilles:

129 1888 169 1943 vel
180 1889 284 1944 Priamo
293 1888 355 1943 belli
365 1905 443 1943 cause
452 1888 588 1960 probanda
598 1887 657 1944 fuir.

90 1963 117 2018 Si
129 1964 190 2035 quis
200 1963 258 2019 vult
267 1963 336 2018 fama
346 1962 450 2019 tabulas
460 1964 558 2020 anteire
567 1971 691 2029 vetustas,

127 2038 172 2092 hio
181 2037 315 2093 dominam
325 2037 446 2110 exemplo
455 2046 535 2112 ponat
544 2039 573 2094 in
583 2047 637 2094 erte
647 2055 742 2093 meam.

1 2124 3 2144 ¹
89 2112 151 2167 Sive
159 2111 232 2166 illam
242 2112 378 2184 hesperiis,
391 2113 448 2168 eive
459 2111 532 2168 illam
543 2113 660 2169 ostendet
668 2114 731 2178 eois,

126 2193 184 2240 uret
193 2193 293 2250 erema,
306 2193 362 2241 uret
371 2194 396 2240 et
404 2186 549 2258 hesperios.

91 2259 145 2315 Cur
156 2258 220 2313 haee
230 2260 258 2314 in
267 2261 343 2312 terris
352 2259 431 2313 facies
439 2260 556 2314 humana
567 2259 702 2315 moratur?
866 2271 889 2312 55

128 2333 252 2404 luppiter,
265 2333 372 2406 ignosoo
380 2333 491 2404 pristina
500 2332 569 2388 furta
578 2342 632 2389 tue.

91 2407 175 2464 Fulva
185 2423 259 2462 coma
268 2414 315 2472 est,
328 2406 406 2480 longe
441 2423 474 2462 ue
483 2424 588 2473 manus,
600 2415 625 2462 et
634 2407 751 2462 maxima
760 2415 811 2462 toro

129 2498 247 2554 eorpore3
260 2481 433 2536 etinoeditve
453 2481 513 2537 Iove
522 2480 604 2556 digna
613 2497 699 2536 soror:

91 2563 137 2611 aut
147 2573 232 2628 quum
242 2555 377 2611 Dulichias
387 2555 471 2610 Pallas
482 2557 609 2628 spatiatur
619 2555 652 2610 ad
662 2573 728 2622 aras,

129 2629 259 2704 Gorgonis
268 2629 419 2704 anguiferae
427 2639 517 2702 pectus
526 2639 614 2704 operte
623 2631 719 2686 comis:
865 2639 889 2682 σι
993 2633 1000 2639 2
