2020 3036
261 150 470 208 CARMINUM
489 155 614 210 LIBER.
778 159 810 210 73

103 275 224 323 uxorem,
239 266 264 312 et
276 265 401 329 patruum
413 260 528 316 reddidit
541 263 732 334 Harpocratem.
854 277 865 318 5

63 333 143 401 Quod
157 331 249 396 voluit,
264 331 336 388 iecit:
352 351 423 399 nam,
438 337 563 407 quamvis
576 337 685 391 irrumet
697 337 785 408 ipsum

104 423 177 464 nuno
188 414 323 478 patruum,
338 409 450 463 verbum
463 419 515 466 non
529 410 604 465 iaoiet
615 419 734 482 patruus.

242 535 355 578 Lxxv.
386 537 430 577 An
461 537 631 581 Lussslnlu.

67 617 154 682 Nulla
167 634 250 697 potest
262 625 358 682 mulier
370 635 472 683 tantum
485 645 514 683 se
526 629 612 684 dioere
624 637 737 686 amatam

106 717 175 764 vere,
191 708 322 771 quantum
335 719 350 756 a
363 719 414 768 me,
429 703 532 768 Lesbia,
548 712 641 770 amata,
657 723 724 771 mea,
738 721 776 760 as.

67 774 149 830 Nulla
162 773 226 828 fides
239 775 294 829 ullo
306 774 356 830 iuit
368 794 497 849 umquam
510 776 611 834 foedere
624 787 702 846 tanta,

106 856 205 920 quanta
217 847 247 902 in
260 867 347 904 amors
357 857 402 905 tuo
415 869 448 906 ex
460 860 532 922 parte
543 861 642 924 reperta
654 873 712 910 mea
725 863 773 911 est.

69 926 148 977 Nune
159 929 198 976 est
207 940 283 978 mens
295 923 406 980 deducta
419 934 464 980 tua
477 945 543 991 mea,
558 929 662 995 Lesbia,
677 930 764 1002 culpa,
855 943 868 984 5

106 1004 185 1067 atqm
197 997 232 1051 ita
245 1015 273 1051 sa
284 997 371 1053 officio
381 999 495 1072 perdidit
506 1002 563 1072 ipsa
576 1019 634 1068 suo,

68 1079 99 1125 ut
111 1071 165 1125 iam
178 1088 225 1124 nee
238 1073 304 1126 bene
317 1073 384 1128 veile
396 1084 475 1146 queat
488 1076 545 1140 tibi,
560 1077 583 1130 si
595 1077 694 1148 optima
707 1077 764 1142 iias,

108 1162 155 1199 neo
167 1145 290 1200 desistere
302 1164 398 1212 amare,
413 1150 502 1203 omnia
515 1152 537 1203 si
550 1149 639 1206 iacias.

233 1273 356 1319 LXXVI·
387 1277 432 1319 AD
463 1277 505 1320 SE
534 1277 655 1322 IPSUM.

72 1357 106 1420 Si
120 1382 173 1436 qua
186 1365 330 1420 recordanti
343 1367 476 1422 benefacta
488 1368 575 1439 priora
584 1368 705 1440 voluptas

107 1447 146 1493 est
158 1439 270 1505 homini,
284 1458 370 1512 quum
384 1459 412 1496 se
424 1442 519 1516 eogitat
532 1460 589 1498 esso
600 1444 690 1514 pium:

71 1531 119 1568 neo
132 1521 247 1580 sanctam
261 1513 373 1570 violasse
386 1516 474 1582 fidem,
490 1535 538 1572 neo
550 1516 651 1572 foedere
664 1520 691 1573 in
704 1519 759 1574 ulio

109 1587 203 1643 diuum
215 1588 248 1642 ad
261 1588 388 1646 fallendos
400 1593 511 1646 numine
523 1592 636 1647 abusum
649 1593 784 1650 homines:

71 1661 155 1717 multa
168 1669 256 1734 parata
268 1672 375 1720 manent
386 1665 415 1720 in
428 1665 506 1739 longa
519 1675 608 1732 aetate,
623 1667 732 1733 Catulle,
859 1682 870 1722 o

109 1754 142 1791 ex
154 1736 205 1791 hoo
216 1737 319 1811 ingrato
330 1739 428 1812 gaudia
441 1758 529 1795 amoro
542 1741 600 1794 tibi.

71 1813 140 1866 Nam
153 1827 336 1885 quaecumque
348 1814 469 1869 homines
482 1815 548 1869 bene
560 1816 706 1887 quoiquam
719 1824 764 1872 ant
773 1817 814 1872 di-

564 1907 621 1944 oere
633 1900 745 1962 possunt

109 1967 156 2014 aut
167 1958 258 2026 faeere,
273 1960 338 2016 haee
349 1979 365 2016 a
376 1970 402 2017 te
413 1962 536 2036 dietaque
548 1963 667 2037 iactaque
679 1973 751 2021 sunt.

71 2034 169 2090 Omnia
182 2051 250 2106 quae
258 2033 375 2106 ingratae
387 2040 520 2107 perierunt
532 2041 627 2093 credita
641 2040 732 2094 menti.

109 2108 197 2174 Quare
208 2109 262 2163 iam
275 2116 299 2164 te
312 2125 359 2164 otu
371 2111 486 2182 amplius
498 2113 649 2166 excrucies?
845 2124 869 2165 ro

72 2183 144 2249 Quin
161 2191 191 2238 tu
208 2183 329 2239 animum
345 2184 462 2242 offirmas
480 2187 575 2258 itaque,
592 2187 669 2242 istinc
685 2195 762 2259 teque
775 2205 815 2243 re-

566 2261 640 2314 dunis

109 2337 143 2395 et,
158 2330 211 2385 diis
223 2330 324 2396 invitia,
339 2331 438 2388 desinis
450 2349 507 2388 esse
519 2333 616 2388 miser?

72 2404 185 2460 Diifioile
197 2413 245 2470 est,
261 2404 372 2478 longum
384 2409 473 2463 subito
484 2408 612 2479 deponere
625 2424 752 2464 amorem.

110 2479 219 2534 difficile
231 2487 283 2546 ssu
299 2497 392 2536 verum
404 2482 454 2538 hoo
466 2499 519 2554 qua
533 2482 604 2538 lubet
616 2481 722 2538 efficias.

75 2555 130 2610 Una
142 2554 217 2610 salus
230 2553 294 2609 haee
302 2563 350 2620 eet,
365 2555 416 2610 hoo
427 2565 466 2610 est
477 2557 526 2612 tibi
538 2555 756 2628 pervincendum.
846 2567 871 2608 15

110 2631 165 2686 Hoc
176 2628 267 2693 facias,
282 2629 339 2685 sive
351 2630 380 2683 id
392 2648 445 2686 non
458 2639 525 2702 pote,
539 2632 596 2687 sive
608 2640 675 2702 pote.
