<?xml version="1.0" encoding="UTF-8"?>
<!DOCTYPE html PUBLIC "-//W3C//DTD XHTML 1.0 Transitional//EN"
    "http://www.w3.org/TR/xhtml1/DTD/xhtml1-transitional.dtd">
<html xmlns="http://www.w3.org/1999/xhtml" xml:lang="en" lang="en">
 <head>
  <title>
</title>
<meta http-equiv="Content-Type" content="text/html;charset=utf-8" />
  <meta name='ocr-system' content='tesseract 3.04.00' />
  <meta name='ocr-capabilities' content='ocr_page ocr_carea ocr_par ocr_line ocrx_word'/>
</head>
<body>
  <div class='ocr_page' id='page_1' title='image "./catullitibullie00propgoog_0251.png"; bbox 0 0 2040 3030; ppageno 0'>
   <div class='ocr_carea' id='block_1_1' title="bbox 175 135 652 196">
    <p class='ocr_par' dir='ltr' id='par_1_1' title="bbox 175 135 652 196">
     <span class='ocr_line' id='line_1_1' title="bbox 175 135 652 196; baseline -0.013 -1"><span class='ocrx_word' id='word_1_1' title='bbox 175 141 225 196; x_wconf 76' lang='lat'><strong>206</strong></span> <span class='ocrx_word' id='word_1_2' title='bbox 441 135 652 192; x_wconf 85' lang='lat' dir='ltr'>PROPERTII</span> 
     </span>
    </p>
   </div>
   <div class='ocr_carea' id='block_1_2' title="bbox 118 243 895 2253">
    <p class='ocr_par' dir='ltr' id='par_1_2' title="bbox 118 243 895 2253">
     <span class='ocr_line' id='line_1_2' title="bbox 177 243 772 318; baseline -0.007 -16"><span class='ocrx_word' id='word_1_3' title='bbox 177 245 307 318; x_wconf 79' lang='lat' dir='ltr'><strong>Gorgonis</strong></span> <span class='ocrx_word' id='word_1_4' title='bbox 316 251 341 298; x_wconf 87' lang='lat' dir='ltr'><strong>et</strong></span> <span class='ocrx_word' id='word_1_5' title='bbox 350 243 433 300; x_wconf 80' lang='lat' dir='ltr'><strong>satius</strong></span> <span class='ocrx_word' id='word_1_6' title='bbox 442 243 493 300; x_wconf 77' lang='lat' dir='ltr'><strong>fuit</strong></span> <span class='ocrx_word' id='word_1_7' title='bbox 501 243 673 300; x_wconf 68' lang='lat' dir='ltr'>obdurescere</span> <span class='ocrx_word' id='word_1_8' title='bbox 687 251 772 310; x_wconf 80' lang='lat' dir='ltr'><strong>vultu,</strong></span> 
     </span>
     <span class='ocr_line' id='line_1_3' title="bbox 212 317 721 392; baseline -0.006 -16"><span class='ocrx_word' id='word_1_9' title='bbox 212 319 352 376; x_wconf 77' lang='lat' dir='ltr'><strong>caucasias</strong></span> <span class='ocrx_word' id='word_1_10' title='bbox 361 319 440 374; x_wconf 79' lang='lat' dir='ltr'><strong>etiam</strong></span> <span class='ocrx_word' id='word_1_11' title='bbox 450 320 474 375; x_wconf 88' lang='lat' dir='ltr'><strong>si</strong></span> <span class='ocrx_word' id='word_1_12' title='bbox 483 326 631 392; x_wconf 75' lang='lat' dir='ltr'>pateremur</span> <span class='ocrx_word' id='word_1_13' title='bbox 641 317 721 374; x_wconf 75' lang='lat' dir='ltr'><strong>aves?</strong></span> 
     </span>
     <span class='ocr_line' id='line_1_4' title="bbox 121 393 818 466; baseline 0.003 -19"><span class='ocrx_word' id='word_1_14' title='bbox 121 406 146 448; x_wconf 76' lang='lat'><strong>55</strong></span> <span class='ocrx_word' id='word_1_15' title='bbox 176 393 325 450; x_wconf 73' lang='lat' dir='ltr'><strong>Sedtamen</strong></span> <span class='ocrx_word' id='word_1_16' title='bbox 334 394 475 450; x_wconf 81' lang='lat' dir='ltr'><strong>obsistam:</strong></span> <span class='ocrx_word' id='word_1_17' title='bbox 495 393 587 450; x_wconf 77' lang='lat' dir='ltr'><strong>teritur</strong></span> <span class='ocrx_word' id='word_1_18' title='bbox 596 393 717 466; x_wconf 81' lang='lat' dir='ltr'><strong>robigine</strong></span> <span class='ocrx_word' id='word_1_19' title='bbox 727 411 818 450; x_wconf 82' lang='lat' dir='ltr'><strong>mucro</strong></span> 
     </span>
     <span class='ocr_line' id='line_1_5' title="bbox 212 467 736 541; baseline 0.002 -19"><span class='ocrx_word' id='word_1_20' title='bbox 212 468 321 534; x_wconf 81' lang='lat' dir='ltr'><strong>ferreus,</strong></span> <span class='ocrx_word' id='word_1_21' title='bbox 333 476 359 523; x_wconf 81' lang='lat' dir='ltr'><strong>et</strong></span> <span class='ocrx_word' id='word_1_22' title='bbox 368 486 450 540; x_wconf 85' lang='lat' dir='ltr'><strong>parvo</strong></span> <span class='ocrx_word' id='word_1_23' title='bbox 459 486 536 541; x_wconf 81' lang='lat' dir='ltr'>saepe</span> <span class='ocrx_word' id='word_1_24' title='bbox 546 467 647 540; x_wconf 85' lang='lat' dir='ltr'><strong>liquore</strong></span> <span class='ocrx_word' id='word_1_25' title='bbox 655 467 736 523; x_wconf 84' lang='lat' dir='ltr'>silex:</span> 
     </span>
     <span class='ocr_line' id='line_1_6' title="bbox 175 542 834 616; baseline 0 -18"><span class='ocrx_word' id='word_1_26' title='bbox 175 551 201 598; x_wconf 78' lang='lat' dir='ltr'><strong>at</strong></span> <span class='ocrx_word' id='word_1_27' title='bbox 210 542 284 598; x_wconf 87' lang='lat' dir='ltr'><strong>nullo</strong></span> <span class='ocrx_word' id='word_1_28' title='bbox 293 542 416 600; x_wconf 75' lang='lat' dir='ltr'><strong>dominae</strong></span> <span class='ocrx_word' id='word_1_29' title='bbox 425 544 516 600; x_wconf 77' lang='lat' dir='ltr'><strong>teritur</strong></span> <span class='ocrx_word' id='word_1_30' title='bbox 527 542 680 598; x_wconf 76' lang='lat' dir='ltr'><strong>sublimine</strong></span> <span class='ocrx_word' id='word_1_31' title='bbox 690 558 774 610; x_wconf 79' lang='lat' dir='ltr'><strong>amor,</strong></span> <span class='ocrx_word' id='word_1_32' title='bbox 786 561 834 616; x_wconf 80' lang='lat' dir='ltr'><strong>qui</strong></span> 
     </span>
     <span class='ocr_line' id='line_1_7' title="bbox 212 617 777 684; baseline -0.002 -10"><span class='ocrx_word' id='word_1_33' title='bbox 212 625 298 684; x_wconf 80' lang='lat' dir='ltr'><strong>restat,</strong></span> <span class='ocrx_word' id='word_1_34' title='bbox 311 626 336 672; x_wconf 83' lang='lat' dir='ltr'><strong>et</strong></span> <span class='ocrx_word' id='word_1_35' title='bbox 346 619 477 674; x_wconf 72' lang='lat' dir='ltr'><strong>immerita</strong></span> <span class='ocrx_word' id='word_1_36' title='bbox 486 619 598 674; x_wconf 84' lang='lat' dir='ltr'><strong>sustinet</strong></span> <span class='ocrx_word' id='word_1_37' title='bbox 607 633 670 673; x_wconf 80' lang='lat' dir='ltr'><strong>auro</strong></span> <span class='ocrx_word' id='word_1_38' title='bbox 679 617 777 674; x_wconf 84' lang='lat' dir='ltr'><strong>minas.</strong></span> 
     </span>
     <span class='ocr_line' id='line_1_8' title="bbox 176 691 763 766; baseline 0.002 -19"><span class='ocrx_word' id='word_1_39' title='bbox 176 692 248 748; x_wconf 87' lang='lat' dir='ltr'><strong>Ultro</strong></span> <span class='ocrx_word' id='word_1_40' title='bbox 257 700 403 759; x_wconf 65' lang='lat' dir='ltr'><strong>oontomius</strong></span> <span class='ocrx_word' id='word_1_41' title='bbox 412 700 494 766; x_wconf 79' lang='lat' dir='ltr'><strong>rogat,</strong></span> <span class='ocrx_word' id='word_1_42' title='bbox 506 701 532 748; x_wconf 80' lang='lat' dir='ltr'><strong>et</strong></span> <span class='ocrx_word' id='word_1_43' title='bbox 541 709 660 764; x_wconf 81' lang='lat' dir='ltr'><strong>peooasse</strong></span> <span class='ocrx_word' id='word_1_44' title='bbox 668 691 763 748; x_wconf 71' lang='lat' dir='ltr'>fatetur</span> 
     </span>
     <span class='ocr_line' id='line_1_9' title="bbox 121 766 726 840; baseline 0 -19"><span class='ocrx_word' id='word_1_45' title='bbox 121 777 146 821; x_wconf 79' lang='lat' dir='ltr'><strong>oo</strong></span> <span class='ocrx_word' id='word_1_46' title='bbox 216 766 311 833; x_wconf 76' lang='lat' dir='ltr'><strong>laesus,</strong></span> <span class='ocrx_word' id='word_1_47' title='bbox 323 775 349 822; x_wconf 85' lang='lat' dir='ltr'><strong>et</strong></span> <span class='ocrx_word' id='word_1_48' title='bbox 358 767 449 822; x_wconf 81' lang='lat' dir='ltr'><strong>invitis</strong></span> <span class='ocrx_word' id='word_1_49' title='bbox 460 769 516 840; x_wconf 89' lang='lat' dir='ltr'><strong>ipse</strong></span> <span class='ocrx_word' id='word_1_50' title='bbox 525 767 593 826; x_wconf 80' lang='lat' dir='ltr'><strong>rodit</strong></span> <span class='ocrx_word' id='word_1_51' title='bbox 600 766 726 838; x_wconf 88' lang='lat' dir='ltr'><strong>podibus.</strong></span> 
     </span>
     <span class='ocr_line' id='line_1_10' title="bbox 175 841 815 914; baseline -0.002 -18"><span class='ocrx_word' id='word_1_52' title='bbox 175 843 216 897; x_wconf 88' lang='lat' dir='ltr'><strong>Tu</strong></span> <span class='ocrx_word' id='word_1_53' title='bbox 226 859 341 914; x_wconf 82' lang='lat' dir='ltr'><strong>quoque,</strong></span> <span class='ocrx_word' id='word_1_54' title='bbox 353 843 401 913; x_wconf 88' lang='lat' dir='ltr'><strong>qui</strong></span> <span class='ocrx_word' id='word_1_55' title='bbox 410 841 489 914; x_wconf 87' lang='lat' dir='ltr'><strong>pleno</strong></span> <span class='ocrx_word' id='word_1_56' title='bbox 498 841 580 897; x_wconf 80' lang='lat' dir='ltr'><strong>fastus</strong></span> <span class='ocrx_word' id='word_1_57' title='bbox 590 841 709 896; x_wconf 81' lang='lat' dir='ltr'>adsumis</span> <span class='ocrx_word' id='word_1_58' title='bbox 719 858 815 907; x_wconf 79' lang='lat' dir='ltr'><strong>amore,</strong></span> 
     </span>
     <span class='ocr_line' id='line_1_11' title="bbox 212 915 789 986; baseline 0 -16"><span class='ocrx_word' id='word_1_59' title='bbox 212 916 325 981; x_wconf 78' lang='lat' dir='ltr'><strong>oroduie,</strong></span> <span class='ocrx_word' id='word_1_60' title='bbox 337 915 412 970; x_wconf 84' lang='lat' dir='ltr'>nulla</span> <span class='ocrx_word' id='word_1_61' title='bbox 422 916 469 971; x_wconf 93' lang='lat' dir='ltr'><strong>diu</strong></span> <span class='ocrx_word' id='word_1_62' title='bbox 479 915 576 970; x_wconf 82' lang='lat' dir='ltr'><strong>femina</strong></span> <span class='ocrx_word' id='word_1_63' title='bbox 586 915 691 986; x_wconf 84' lang='lat' dir='ltr'><strong>pondus</strong></span> <span class='ocrx_word' id='word_1_64' title='bbox 702 916 789 971; x_wconf 81' lang='lat' dir='ltr'><strong>habet.</strong></span> 
     </span>
     <span class='ocr_line' id='line_1_12' title="bbox 175 989 857 1062; baseline -0.001 -16"><span class='ocrx_word' id='word_1_65' title='bbox 175 990 217 1046; x_wconf 76' lang='lat' dir='ltr'><strong>An</strong></span> <span class='ocrx_word' id='word_1_66' title='bbox 227 991 370 1062; x_wconf 80' lang='lat' dir='ltr'><strong>quisquam</strong></span> <span class='ocrx_word' id='word_1_67' title='bbox 381 991 409 1044; x_wconf 89' lang='lat' dir='ltr'><strong>in</strong></span> <span class='ocrx_word' id='word_1_68' title='bbox 419 990 514 1044; x_wconf 83' lang='lat' dir='ltr'><strong>modiis</strong></span> <span class='ocrx_word' id='word_1_69' title='bbox 524 989 649 1061; x_wconf 80' lang='lat' dir='ltr'><strong>persolvit</strong></span> <span class='ocrx_word' id='word_1_70' title='bbox 658 997 717 1045; x_wconf 80' lang='lat' dir='ltr'><strong>vota</strong></span> <span class='ocrx_word' id='word_1_71' title='bbox 726 989 857 1062; x_wconf 82' lang='lat' dir='ltr'><strong>procellis,</strong></span> 
     </span>
     <span class='ocr_line' id='line_1_13' title="bbox 212 1064 790 1138; baseline -0.003 -18"><span class='ocrx_word' id='word_1_72' title='bbox 212 1082 298 1137; x_wconf 91' lang='lat' dir='ltr'><strong>quum</strong></span> <span class='ocrx_word' id='word_1_73' title='bbox 307 1083 384 1136; x_wconf 80' lang='lat' dir='ltr'>saepe</span> <span class='ocrx_word' id='word_1_74' title='bbox 394 1065 421 1120; x_wconf 87' lang='lat' dir='ltr'><strong>in</strong></span> <span class='ocrx_word' id='word_1_75' title='bbox 429 1072 508 1138; x_wconf 80' lang='lat' dir='ltr'><strong>portu</strong></span> <span class='ocrx_word' id='word_1_76' title='bbox 517 1064 596 1120; x_wconf 73' lang='lat' dir='ltr'><strong>fracta</strong></span> <span class='ocrx_word' id='word_1_77' title='bbox 605 1064 693 1120; x_wconf 81' lang='lat' dir='ltr'><strong>carina</strong></span> <span class='ocrx_word' id='word_1_78' title='bbox 704 1065 790 1120; x_wconf 74' lang='lat' dir='ltr'><strong>natet?</strong></span> 
     </span>
     <span class='ocr_line' id='line_1_14' title="bbox 120 1139 761 1212; baseline 0.002 -18"><span class='ocrx_word' id='word_1_79' title='bbox 120 1151 146 1194; x_wconf 72' lang='lat'><strong>⁶5</strong></span> <span class='ocrx_word' id='word_1_80' title='bbox 176 1149 220 1195; x_wconf 85' lang='lat' dir='ltr'><strong>aut</strong></span> <span class='ocrx_word' id='word_1_81' title='bbox 229 1141 305 1212; x_wconf 84' lang='lat' dir='ltr'><strong>prius</strong></span> <span class='ocrx_word' id='word_1_82' title='bbox 318 1139 412 1196; x_wconf 74' lang='lat' dir='ltr'><strong>iniecto</strong></span> <span class='ocrx_word' id='word_1_83' title='bbox 421 1139 536 1212; x_wconf 80' lang='lat' dir='ltr'><strong>deposcit</strong></span> <span class='ocrx_word' id='word_1_84' title='bbox 544 1139 661 1212; x_wconf 84' lang='lat' dir='ltr'><strong>praemia</strong></span> <span class='ocrx_word' id='word_1_85' title='bbox 671 1157 761 1207; x_wconf 87' lang='lat' dir='ltr'><strong>cursu,</strong></span> 
     </span>
     <span class='ocr_line' id='line_1_15' title="bbox 212 1212 783 1287; baseline 0.002 -18"><span class='ocrx_word' id='word_1_86' title='bbox 212 1215 324 1287; x_wconf 81' lang='lat' dir='ltr'><strong>septima</strong></span> <span class='ocrx_word' id='word_1_87' title='bbox 333 1233 415 1287; x_wconf 82' lang='lat' dir='ltr'><strong>quam</strong></span> <span class='ocrx_word' id='word_1_88' title='bbox 425 1223 522 1272; x_wconf 76' lang='lat' dir='ltr'><strong>metam</strong></span> <span class='ocrx_word' id='word_1_89' title='bbox 532 1215 633 1270; x_wconf 85' lang='lat' dir='ltr'><strong>triverit</strong></span> <span class='ocrx_word' id='word_1_90' title='bbox 642 1222 701 1270; x_wconf 74' lang='lat' dir='ltr'><strong>ano</strong></span> <span class='ocrx_word' id='word_1_91' title='bbox 710 1212 783 1270; x_wconf 76' lang='lat' dir='ltr'><strong>rota?</strong></span> 
     </span>
     <span class='ocr_line' id='line_1_16' title="bbox 175 1289 771 1346; baseline 0.003 -2"><span class='ocrx_word' id='word_1_92' title='bbox 175 1290 312 1346; x_wconf 70' lang='lat' dir='ltr'><strong>Mendaooe</strong></span> <span class='ocrx_word' id='word_1_93' title='bbox 324 1289 420 1346; x_wconf 82' lang='lat' dir='ltr'>ludunt</span> <span class='ocrx_word' id='word_1_94' title='bbox 430 1289 507 1346; x_wconf 80' lang='lat' dir='ltr'>ssatus</span> <span class='ocrx_word' id='word_1_95' title='bbox 517 1292 545 1346; x_wconf 88' lang='lat' dir='ltr'><strong>in</strong></span> <span class='ocrx_word' id='word_1_96' title='bbox 553 1307 642 1346; x_wconf 84' lang='lat' dir='ltr'><strong>amoro</strong></span> <span class='ocrx_word' id='word_1_97' title='bbox 651 1289 771 1346; x_wconf 78' lang='lat' dir='ltr'><strong>secundi.</strong></span> 
     </span>
     <span class='ocr_line' id='line_1_17' title="bbox 212 1363 751 1440; baseline 0 -20"><span class='ocrx_word' id='word_1_98' title='bbox 212 1363 240 1420; x_wconf 90' lang='lat' dir='ltr'><strong>Si</strong></span> <span class='ocrx_word' id='word_1_99' title='bbox 250 1383 304 1438; x_wconf 81' lang='lat' dir='ltr'><strong>qua</strong></span> <span class='ocrx_word' id='word_1_100' title='bbox 314 1367 386 1420; x_wconf 74' lang='lat' dir='ltr'><strong>venit</strong></span> <span class='ocrx_word' id='word_1_101' title='bbox 395 1383 460 1432; x_wconf 82' lang='lat' dir='ltr'><strong>sero,</strong></span> <span class='ocrx_word' id='word_1_102' title='bbox 472 1385 568 1440; x_wconf 81' lang='lat' dir='ltr'><strong>magna</strong></span> <span class='ocrx_word' id='word_1_103' title='bbox 579 1366 656 1421; x_wconf 82' lang='lat' dir='ltr'><strong>ruina</strong></span> <span class='ocrx_word' id='word_1_104' title='bbox 669 1365 751 1421; x_wconf 84' lang='lat' dir='ltr'><strong>venit.</strong></span> 
     </span>
     <span class='ocr_line' id='line_1_18' title="bbox 175 1439 765 1514; baseline 0.002 -20"><span class='ocrx_word' id='word_1_105' title='bbox 175 1439 215 1494; x_wconf 85' lang='lat' dir='ltr'><strong>Tu</strong></span> <span class='ocrx_word' id='word_1_106' title='bbox 225 1447 312 1495; x_wconf 83' lang='lat' dir='ltr'><strong>tamen</strong></span> <span class='ocrx_word' id='word_1_107' title='bbox 323 1441 428 1506; x_wconf 79' lang='lat' dir='ltr'><strong>interea,</strong></span> <span class='ocrx_word' id='word_1_108' title='bbox 440 1442 565 1512; x_wconf 85' lang='lat' dir='ltr'><strong>quamvis</strong></span> <span class='ocrx_word' id='word_1_109' title='bbox 575 1448 599 1496; x_wconf 77' lang='lat' dir='ltr'><strong>to</strong></span> <span class='ocrx_word' id='word_1_110' title='bbox 609 1439 702 1514; x_wconf 78' lang='lat' dir='ltr'><strong>diligat</strong></span> <span class='ocrx_word' id='word_1_111' title='bbox 710 1439 765 1505; x_wconf 83' lang='lat' dir='ltr'><strong>iila,</strong></span> 
     </span>
     <span class='ocr_line' id='line_1_19' title="bbox 119 1515 717 1588; baseline 0.003 -22"><span class='ocrx_word' id='word_1_112' title='bbox 119 1523 146 1566; x_wconf 72' lang='lat' dir='ltr'><strong>io</strong></span> <span class='ocrx_word' id='word_1_113' title='bbox 212 1515 240 1568; x_wconf 90' lang='lat' dir='ltr'><strong>in</strong></span> <span class='ocrx_word' id='word_1_114' title='bbox 251 1515 327 1570; x_wconf 81' lang='lat' dir='ltr'><strong>tacito</strong></span> <span class='ocrx_word' id='word_1_115' title='bbox 335 1515 429 1570; x_wconf 81' lang='lat' dir='ltr'><strong>cohibe</strong></span> <span class='ocrx_word' id='word_1_116' title='bbox 436 1515 533 1588; x_wconf 82' lang='lat' dir='ltr'><strong>gaudia</strong></span> <span class='ocrx_word' id='word_1_117' title='bbox 543 1515 633 1570; x_wconf 77' lang='lat' dir='ltr'>clausa</span> <span class='ocrx_word' id='word_1_118' title='bbox 645 1515 717 1569; x_wconf 88' lang='lat' dir='ltr'><strong>sinu.</strong></span> 
     </span>
     <span class='ocr_line' id='line_1_20' title="bbox 173 1588 895 1662; baseline 0 -18"><span class='ocrx_word' id='word_1_119' title='bbox 173 1590 295 1662; x_wconf 78' lang='lat' dir='ltr'>Namque</span> <span class='ocrx_word' id='word_1_120' title='bbox 305 1590 333 1644; x_wconf 87' lang='lat' dir='ltr'><strong>in</strong></span> <span class='ocrx_word' id='word_1_121' title='bbox 344 1607 431 1646; x_wconf 81' lang='lat' dir='ltr'><strong>amoro</strong></span> <span class='ocrx_word' id='word_1_122' title='bbox 440 1606 489 1645; x_wconf 89' lang='lat' dir='ltr'><strong>suo</strong></span> <span class='ocrx_word' id='word_1_123' title='bbox 499 1607 602 1661; x_wconf 77' lang='lat' dir='ltr'><strong>semper</strong></span> <span class='ocrx_word' id='word_1_124' title='bbox 611 1607 660 1644; x_wconf 86' lang='lat' dir='ltr'><strong>sua</strong></span> <span class='ocrx_word' id='word_1_125' title='bbox 669 1588 787 1644; x_wconf 80' lang='lat' dir='ltr'><strong>maxima</strong></span> <span class='ocrx_word' id='word_1_126' title='bbox 797 1589 895 1660; x_wconf 83' lang='lat' dir='ltr'><strong>cuique</strong></span> 
     </span>
     <span class='ocr_line' id='line_1_21' title="bbox 139 1663 738 1737; baseline 0 -18"><span class='ocrx_word' id='word_1_127' title='bbox 139 1703 153 1730; x_wconf 82' lang='grc'><strong>.</strong></span> <span class='ocrx_word' id='word_1_128' title='bbox 212 1667 299 1719; x_wconf 83' lang='lat' dir='ltr'><strong>nescio</strong></span> <span class='ocrx_word' id='word_1_129' title='bbox 308 1681 362 1736; x_wconf 93' lang='lat' dir='ltr'><strong>quo</strong></span> <span class='ocrx_word' id='word_1_130' title='bbox 370 1672 445 1737; x_wconf 81' lang='lat' dir='ltr'><strong>pacto</strong></span> <span class='ocrx_word' id='word_1_131' title='bbox 454 1664 534 1720; x_wconf 83' lang='lat' dir='ltr'>verba</span> <span class='ocrx_word' id='word_1_132' title='bbox 544 1681 636 1719; x_wconf 82' lang='lat' dir='ltr'><strong>nooore</strong></span> <span class='ocrx_word' id='word_1_133' title='bbox 645 1663 738 1719; x_wconf 77' lang='lat' dir='ltr'><strong>soient.</strong></span> 
     </span>
     <span class='ocr_line' id='line_1_22' title="bbox 174 1737 856 1810; baseline -0.004 -16"><span class='ocrx_word' id='word_1_134' title='bbox 174 1739 302 1806; x_wconf 79' lang='lat' dir='ltr'><strong>Quamvis</strong></span> <span class='ocrx_word' id='word_1_135' title='bbox 312 1747 336 1794; x_wconf 83' lang='lat' dir='ltr'><strong>to</strong></span> <span class='ocrx_word' id='word_1_136' title='bbox 344 1756 469 1810; x_wconf 81' lang='lat' dir='ltr'>persaepe</span> <span class='ocrx_word' id='word_1_137' title='bbox 482 1747 561 1805; x_wconf 82' lang='lat' dir='ltr'><strong>vocet,</strong></span> <span class='ocrx_word' id='word_1_138' title='bbox 573 1737 654 1794; x_wconf 86' lang='lat' dir='ltr'>semel</span> <span class='ocrx_word' id='word_1_139' title='bbox 666 1739 703 1793; x_wconf 82' lang='lat' dir='ltr'><strong>ire</strong></span> <span class='ocrx_word' id='word_1_140' title='bbox 712 1744 856 1792; x_wconf 81' lang='lat' dir='ltr'><strong>memento:</strong></span> 
     </span>
     <span class='ocr_line' id='line_1_23' title="bbox 211 1811 793 1884; baseline -0.005 -17"><span class='ocrx_word' id='word_1_141' title='bbox 211 1814 342 1869; x_wconf 83' lang='lat' dir='ltr'><strong>invidiam</strong></span> <span class='ocrx_word' id='word_1_142' title='bbox 351 1813 424 1884; x_wconf 87' lang='lat' dir='ltr'><strong>quod</strong></span> <span class='ocrx_word' id='word_1_143' title='bbox 433 1813 520 1877; x_wconf 81' lang='lat' dir='ltr'>hahet,</span> <span class='ocrx_word' id='word_1_144' title='bbox 533 1831 585 1866; x_wconf 88' lang='lat' dir='ltr'><strong>non</strong></span> <span class='ocrx_word' id='word_1_145' title='bbox 596 1811 661 1866; x_wconf 83' lang='lat' dir='ltr'><strong>solet</strong></span> <span class='ocrx_word' id='word_1_146' title='bbox 670 1830 727 1866; x_wconf 82' lang='lat' dir='ltr'><strong>esso</strong></span> <span class='ocrx_word' id='word_1_147' title='bbox 736 1811 793 1865; x_wconf 90' lang='lat' dir='ltr'><strong>diu.</strong></span> 
     </span>
     <span class='ocr_line' id='line_1_24' title="bbox 118 1884 833 1958; baseline -0.014 -13"><span class='ocrx_word' id='word_1_148' title='bbox 118 1900 145 1944; x_wconf 70' lang='lat'><strong>75</strong></span> <span class='ocrx_word' id='word_1_149' title='bbox 173 1888 208 1944; x_wconf 74' lang='lat' dir='ltr'><strong>At</strong></span> <span class='ocrx_word' id='word_1_150' title='bbox 218 1904 275 1952; x_wconf 88' lang='lat' dir='ltr'><strong>vos,</strong></span> <span class='ocrx_word' id='word_1_151' title='bbox 287 1887 335 1958; x_wconf 91' lang='lat' dir='ltr'><strong>qui</strong></span> <span class='ocrx_word' id='word_1_152' title='bbox 345 1885 431 1939; x_wconf 81' lang='lat' dir='ltr'><strong>officia</strong></span> <span class='ocrx_word' id='word_1_153' title='bbox 441 1886 469 1938; x_wconf 89' lang='lat' dir='ltr'><strong>in</strong></span> <span class='ocrx_word' id='word_1_154' title='bbox 480 1884 577 1938; x_wconf 82' lang='lat' dir='ltr'><strong>multos</strong></span> <span class='ocrx_word' id='word_1_155' title='bbox 588 1885 713 1938; x_wconf 80' lang='lat' dir='ltr'><strong>revocatis</strong></span> <span class='ocrx_word' id='word_1_156' title='bbox 723 1899 833 1949; x_wconf 82' lang='lat' dir='ltr'><strong>amores,</strong></span> 
     </span>
     <span class='ocr_line' id='line_1_25' title="bbox 210 1951 795 2032; baseline -0.015 -17"><span class='ocrx_word' id='word_1_157' title='bbox 210 1969 340 2032; x_wconf 79' lang='lat' dir='ltr'>quantum</span> <span class='ocrx_word' id='word_1_158' title='bbox 349 1959 389 2012; x_wconf 87' lang='lat' dir='ltr'><strong>sio</strong></span> <span class='ocrx_word' id='word_1_159' title='bbox 397 1957 495 2010; x_wconf 80' lang='lat' dir='ltr'><strong>cruciat</strong></span> <span class='ocrx_word' id='word_1_160' title='bbox 505 1955 606 2010; x_wconf 80' lang='lat' dir='ltr'><strong>lumina</strong></span> <span class='ocrx_word' id='word_1_161' title='bbox 616 1964 702 2010; x_wconf 83' lang='lat' dir='ltr'>vestra</span> <span class='ocrx_word' id='word_1_162' title='bbox 710 1951 795 2008; x_wconf 86' lang='lat' dir='ltr'><strong>dolor!</strong></span> 
     </span>
     <span class='ocr_line' id='line_1_26' title="bbox 173 2028 753 2104; baseline -0.009 -16"><span class='ocrx_word' id='word_1_163' title='bbox 173 2034 282 2094; x_wconf 84' lang='lat' dir='ltr'><strong>Vidistis</strong></span> <span class='ocrx_word' id='word_1_164' title='bbox 291 2031 369 2104; x_wconf 84' lang='lat' dir='ltr'><strong>pleno</strong></span> <span class='ocrx_word' id='word_1_165' title='bbox 379 2037 494 2084; x_wconf 84' lang='lat' dir='ltr'>teneram</span> <span class='ocrx_word' id='word_1_166' title='bbox 503 2028 615 2083; x_wconf 80' lang='lat' dir='ltr'><strong>candore</strong></span> <span class='ocrx_word' id='word_1_167' title='bbox 622 2028 753 2099; x_wconf 59' lang='lat' dir='ltr'><strong>puellam</strong></span> 
     </span>
     <span class='ocr_line' id='line_1_27' title="bbox 211 2101 715 2176; baseline -0.012 -13"><span class='ocrx_word' id='word_1_168' title='bbox 211 2107 314 2163; x_wconf 81' lang='lat' dir='ltr'><strong>vidistis</strong></span> <span class='ocrx_word' id='word_1_169' title='bbox 324 2103 411 2160; x_wconf 85' lang='lat' dir='ltr'><strong>susoo:</strong></span> <span class='ocrx_word' id='word_1_170' title='bbox 433 2103 506 2158; x_wconf 83' lang='lat' dir='ltr'><strong>ducit</strong></span> <span class='ocrx_word' id='word_1_171' title='bbox 514 2111 626 2176; x_wconf 77' lang='lat' dir='ltr'>uterque</span> <span class='ocrx_word' id='word_1_172' title='bbox 635 2101 715 2158; x_wconf 82' lang='lat' dir='ltr'><strong>color.</strong></span> 
     </span>
     <span class='ocr_line' id='line_1_28' title="bbox 172 2177 760 2253; baseline -0.015 -13"><span class='ocrx_word' id='word_1_173' title='bbox 172 2181 282 2240; x_wconf 80' lang='lat' dir='ltr'><strong>Vidistis</strong></span> <span class='ocrx_word' id='word_1_174' title='bbox 292 2179 425 2253; x_wconf 82' lang='lat' dir='ltr'>quandam</span> <span class='ocrx_word' id='word_1_175' title='bbox 437 2179 536 2253; x_wconf 80' lang='lat' dir='ltr'><strong>Argiva</strong></span> <span class='ocrx_word' id='word_1_176' title='bbox 545 2177 650 2250; x_wconf 82' lang='lat' dir='ltr'><strong>prodire</strong></span> <span class='ocrx_word' id='word_1_177' title='bbox 660 2178 760 2252; x_wconf 79' lang='lat' dir='ltr'>figura:</span> 
     </span>
    </p>
   </div>
   <div class='ocr_carea' id='block_1_3' title="bbox 15 2254 754 2332">
    <p class='ocr_par' dir='ltr' id='par_1_3' title="bbox 15 2254 754 2332">
     <span class='ocr_line' id='line_1_29' title="bbox 15 2254 754 2332; baseline -0.001 -22"><span class='ocrx_word' id='word_1_178' title='bbox 15 2306 17 2310; x_wconf 86' lang='lat'>.</span> <span class='ocrx_word' id='word_1_179' title='bbox 62 2325 65 2332; x_wconf 25' lang='grc' dir='ltr'>Ι</span> <span class='ocrx_word' id='word_1_180' title='bbox 118 2271 144 2314; x_wconf 79' lang='lat' dir='ltr'><strong>so</strong></span> <span class='ocrx_word' id='word_1_181' title='bbox 211 2255 315 2313; x_wconf 85' lang='lat' dir='ltr'><strong>vidistis</strong></span> <span class='ocrx_word' id='word_1_182' title='bbox 326 2263 440 2312; x_wconf 79' lang='lat' dir='ltr'><strong>nostras:</strong></span> <span class='ocrx_word' id='word_1_183' title='bbox 461 2263 574 2329; x_wconf 79' lang='lat' dir='ltr'><strong>utroquo</strong></span> <span class='ocrx_word' id='word_1_184' title='bbox 582 2254 667 2310; x_wconf 79' lang='lat' dir='ltr'><strong>forma</strong></span> <span class='ocrx_word' id='word_1_185' title='bbox 677 2255 754 2328; x_wconf 79' lang='lat' dir='ltr'><strong>rapit.</strong></span> 
     </span>
    </p>
   </div>
   <div class='ocr_carea' id='block_1_4' title="bbox 74 2329 798 2481">
    <p class='ocr_par' dir='ltr' id='par_1_4' title="bbox 74 2329 798 2481">
     <span class='ocr_line' id='line_1_30' title="bbox 74 2329 733 2406; baseline -0.005 -17"><span class='ocrx_word' id='word_1_186' title='bbox 74 2331 104 2355; x_wconf 49' lang='lat'><strong>&#39;⁸‘</strong></span> <span class='ocrx_word' id='word_1_187' title='bbox 152 2386 155 2392; x_wconf 68' lang='grc'><strong>,,</strong></span> <span class='ocrx_word' id='word_1_188' title='bbox 173 2332 274 2406; x_wconf 77' lang='lat' dir='ltr'><strong>Illoque</strong></span> <span class='ocrx_word' id='word_1_189' title='bbox 283 2331 393 2406; x_wconf 82' lang='lat' dir='ltr'><strong>plebeio,</strong></span> <span class='ocrx_word' id='word_1_190' title='bbox 405 2331 448 2388; x_wconf 83' lang='lat' dir='ltr'><strong>vel</strong></span> <span class='ocrx_word' id='word_1_191' title='bbox 457 2331 493 2386; x_wconf 80' lang='lat' dir='ltr'><strong>sit</strong></span> <span class='ocrx_word' id='word_1_192' title='bbox 500 2329 615 2387; x_wconf 79' lang='lat' dir='ltr'><strong>sandicis</strong></span> <span class='ocrx_word' id='word_1_193' title='bbox 625 2330 733 2396; x_wconf 82' lang='lat' dir='ltr'><strong>amiotu‚</strong></span> 
     </span>
     <span class='ocr_line' id='line_1_31' title="bbox 210 2405 798 2481; baseline -0.009 -18"><span class='ocrx_word' id='word_1_194' title='bbox 210 2408 274 2469; x_wconf 75' lang='lat' dir='ltr'><strong>haec</strong></span> <span class='ocrx_word' id='word_1_195' title='bbox 283 2416 362 2481; x_wconf 78' lang='lat' dir='ltr'><strong>atquo</strong></span> <span class='ocrx_word' id='word_1_196' title='bbox 371 2407 417 2464; x_wconf 81' lang='lat' dir='ltr'><strong>illa</strong></span> <span class='ocrx_word' id='word_1_197' title='bbox 426 2405 491 2464; x_wconf 81' lang='lat' dir='ltr'><strong>mali</strong></span> <span class='ocrx_word' id='word_1_198' title='bbox 501 2405 620 2464; x_wconf 80' lang='lat' dir='ltr'><strong>vulneris</strong></span> <span class='ocrx_word' id='word_1_199' title='bbox 629 2425 684 2462; x_wconf 76' lang='lat' dir='ltr'><strong>una</strong></span> <span class='ocrx_word' id='word_1_200' title='bbox 693 2405 737 2462; x_wconf 83' lang='lat' dir='ltr'><strong>via</strong></span> <span class='ocrx_word' id='word_1_201' title='bbox 747 2411 798 2472; x_wconf 62' lang='lat' dir='ltr'><strong>osi,</strong></span> 
     </span>
    </p>
   </div>
   <div class='ocr_carea' id='block_1_5' title="bbox 174 2471 902 2645">
    <p class='ocr_par' dir='ltr' id='par_1_5' title="bbox 174 2471 902 2645">
     <span class='ocr_line' id='line_1_32' title="bbox 174 2471 902 2558; baseline -0.03 -17"><span class='ocrx_word' id='word_1_202' title='bbox 174 2503 259 2558; x_wconf 89' lang='lat' dir='ltr'><strong>quum</strong></span> <span class='ocrx_word' id='word_1_203' title='bbox 270 2485 333 2542; x_wconf 79' lang='lat' dir='ltr'><strong>satis</strong></span> <span class='ocrx_word' id='word_1_204' title='bbox 343 2502 397 2539; x_wconf 87' lang='lat' dir='ltr'><strong>una</strong></span> <span class='ocrx_word' id='word_1_205' title='bbox 406 2483 460 2538; x_wconf 84' lang='lat' dir='ltr'><strong>tuis</strong></span> <span class='ocrx_word' id='word_1_206' title='bbox 470 2484 696 2555; x_wconf 74' lang='lat' dir='ltr'><strong>insomniaportet</strong></span> <span class='ocrx_word' id='word_1_207' title='bbox 705 2479 803 2546; x_wconf 66' lang='lat' dir='ltr'><strong>mellis,</strong></span> <span class='ocrx_word' id='word_1_208' title='bbox 869 2509 881 2520; x_wconf 74' lang='grc'><strong>.,</strong></span> <span class='ocrx_word' id='word_1_209' title='bbox 898 2471 902 2476; x_wconf 85' lang='grc'><strong>’</strong></span> 
     </span>
     <span class='ocr_line' id='line_1_33' title="bbox 212 2555 761 2645; baseline -0.011 -28"><span class='ocrx_word' id='word_1_210' title='bbox 212 2577 266 2617; x_wconf 83' lang='lat' dir='ltr'><strong>una</strong></span> <span class='ocrx_word' id='word_1_211' title='bbox 276 2561 310 2616; x_wconf 87' lang='lat' dir='ltr'><strong>sit</strong></span> <span class='ocrx_word' id='word_1_212' title='bbox 319 2559 437 2645; x_wconf 64' lang='lat' dir='ltr'><strong>et‘ouiyis</strong></span> <span class='ocrx_word' id='word_1_213' title='bbox 447 2558 544 2615; x_wconf 78' lang='lat' dir='ltr'><strong>semina</strong></span> <span class='ocrx_word' id='word_1_214' title='bbox 556 2559 639 2614; x_wconf 70' lang='lat' dir='ltr'><strong>multa</strong></span> <span class='ocrx_word' id='word_1_215' title='bbox 653 2555 732 2613; x_wconf 81' lang='lat' dir='ltr'>mala.</span> <span class='ocrx_word' id='word_1_216' title='bbox 754 2567 761 2584; x_wconf 91' lang='lat'><strong>·</strong></span> 
     </span>
    </p>
   </div>
   <div class='ocr_carea' id='block_1_6' title="bbox 0 0 1024 3030">
    <p class='ocr_par' dir='ltr' id='par_1_6' title="bbox 0 0 1024 3030">
     <span class='ocr_line' id='line_1_34' title="bbox 0 0 1024 3030; baseline 0 1"><span class='ocrx_word' id='word_1_217' title='bbox 0 0 1024 3030; x_wconf 95' lang='lat' dir='ltr'><strong> </strong></span> 
     </span>
    </p>
   </div>
  </div>
 </body>
</html>
