2028 3034
259 145 470 202 CARMINUH
489 146 615 202 LIBER.

193 259 247 312 iam
260 254 359 309 servire
371 253 516 308 Thalassio.

232 329 394 394 Connubine,
408 343 489 383 nunes
501 327 545 383 da.

193 437 340 494 Sordebant
350 437 400 492 tibi
412 435 525 501 villicae,

194 512 349 577 ooneubine,
363 510 442 568 hodie
453 518 532 582 atque
544 509 614 564 heri:

195 594 356 643 nunetuum
368 584 513 653 cinerarius
558 611 560 616 v

194 660 333 717 tondetoe.
373 660 460 724 Miser,
475 657 509 714 ah
522 659 602 713 miser

233 735 386 800 ooncubine,
402 750 482 788 nunes
494 733 537 788 da.

195 852 293 906 Dieeris
305 850 411 906 melete
423 867 438 904 a
451 849 504 903 tuis

195 933 355 1000 unguentate
367 923 467 998 glabris
479 924 572 978 merite

195 1001 337 1056 abstinere:
359 999 406 1053 sed
418 998 530 1053 abstine.

194 1077 222 1130 10
234 1077 338 1149 Hymen
351 1075 500 1147 Hymenaee
512 1073 548 1134 in,

232 1151 258 1204 io
271 1151 373 1223 Hymen
387 1149 545 1221 Hymenaee.

194 1275 307 1339 Scimus,
323 1275 387 1328 haee
398 1272 447 1326 tibi
459 1287 514 1344 qua
526 1269 604 1325 lieent

194 1350 249 1404 sota
262 1349 378 1422 eognita:
394 1346 441 1401 sed
453 1345 547 1400 marito

195 1426 243 1478 ista
257 1440 310 1478 non
323 1422 413 1478 eadem
428 1419 516 1474 linent.

194 1501 222 1553 10
234 1500 337 1572 Hymen
350 1499 500 1570 Hymenaee
513 1493 546 1558 io,

233 1575 258 1628 io
270 1573 375 1646 Hymen
388 1572 547 1645 Hymenaee.
632 1607 635 1610 -

194 1683 291 1751 Nupta,
306 1687 335 1733 tu
348 1693 464 1750 quoque,
479 1693 548 1748 quae
559 1684 622 1730 tuus

195 1756 237 1809 vir
249 1761 326 1826 petet,
341 1769 404 1807 eave
416 1769 450 1806 ne
462 1767 555 1824 neges:

194 1846 229 1884 ne
240 1829 351 1900 petitum
364 1825 471 1881 aliunde
484 1834 534 1880 eat.

194 1906 222 1959 10
235 1905 338 1977 Hymen
351 1903 500 1974 Hymenaee
514 1900 548 1964 io,

234 1979 259 2032 io
271 1978 374 2051 Hymen
387 1977 547 2049 Hymenaee.

194 2087 236 2141 En
249 2087 297 2140 tibi
310 2086 406 2141 domus
418 2091 448 2138 ut
459 2091 551 2156 potens

195 2168 220 2216 et
232 2162 305 2216 beata
319 2160 370 2216 viri
383 2159 431 2223 tui,

194 2253 263 2308 quae
276 2235 323 2289 tibi
336 2235 395 2289 sine
408 2233 460 2287 fine
473 2232 529 2296 erit,

195 2310 232 2383 (10
245 2311 347 2384 Hymen
360 2310 519 2381 Hymenaee,
534 2306 573 2360 io:

235 2386 260 2437 io
273 2385 376 2458 Hymen
391 2379 548 2455 Hymenaee)

193 2509 281 2564 nsque
293 2491 359 2547 dum
371 2488 516 2544 tremulum
528 2503 637 2541 movens

139 2574 143 2581 '
194 2584 260 2622 cana
272 2576 378 2639 tempus
390 2563 496 2619 anilitas

194 2641 285 2697 omnia
296 2639 422 2696 omnibus
435 2637 539 2692 annuit.
