<?xml version="1.0" encoding="UTF-8"?>
<!DOCTYPE html PUBLIC "-//W3C//DTD XHTML 1.0 Transitional//EN"
    "http://www.w3.org/TR/xhtml1/DTD/xhtml1-transitional.dtd">
<html xmlns="http://www.w3.org/1999/xhtml" xml:lang="en" lang="en">
 <head>
  <title>
</title>
<meta http-equiv="Content-Type" content="text/html;charset=utf-8" />
  <meta name='ocr-system' content='tesseract 3.04.00' />
  <meta name='ocr-capabilities' content='ocr_page ocr_carea ocr_par ocr_line ocrx_word'/>
</head>
<body>
  <div class='ocr_page' id='page_1' title='image "./catullitibullie00propgoog_0048.png"; bbox 0 0 2030 3036; ppageno 0'>
   <div class='ocr_carea' id='block_1_1' title="bbox 250 179 796 240">
    <p class='ocr_par' dir='ltr' id='par_1_1' title="bbox 250 179 796 240">
     <span class='ocr_line' id='line_1_1' title="bbox 250 179 796 240; baseline 0.002 -3"><span class='ocrx_word' id='word_1_1' title='bbox 250 179 459 238; x_wconf 81' lang='lat' dir='ltr'><strong>CARMINUM</strong></span> <span class='ocrx_word' id='word_1_2' title='bbox 478 185 605 240; x_wconf 83' lang='lat' dir='ltr'><strong>LIBER.</strong></span> <span class='ocrx_word' id='word_1_3' title='bbox 764 187 796 239; x_wconf 78' lang='lat'>33</span> 
     </span>
    </p>
   </div>
   <div class='ocr_carea' id='block_1_2' title="bbox 87 289 578 735">
    <p class='ocr_par' dir='ltr' id='par_1_2' title="bbox 87 289 578 735">
     <span class='ocr_line' id='line_1_2' title="bbox 89 289 565 364; baseline -0.004 -16"><span class='ocrx_word' id='word_1_4' title='bbox 89 293 161 348; x_wconf 90' lang='lat' dir='ltr'>Num</span> <span class='ocrx_word' id='word_1_5' title='bbox 174 298 199 345; x_wconf 91' lang='lat' dir='ltr'>te</span> <span class='ocrx_word' id='word_1_6' title='bbox 213 289 333 346; x_wconf 74' lang='lat' dir='ltr'>lacteolae</span> <span class='ocrx_word' id='word_1_7' title='bbox 345 298 433 346; x_wconf 86' lang='lat' dir='ltr'>tenent</span> <span class='ocrx_word' id='word_1_8' title='bbox 444 291 565 364; x_wconf 72' lang='lat' dir='ltr'>puellae?</span> 
     </span>
     <span class='ocr_line' id='line_1_3' title="bbox 88 364 544 440; baseline -0.002 -18"><span class='ocrx_word' id='word_1_9' title='bbox 88 367 117 422; x_wconf 90' lang='lat' dir='ltr'>Si</span> <span class='ocrx_word' id='word_1_10' title='bbox 129 366 252 440; x_wconf 80' lang='lat' dir='ltr'>linguam</span> <span class='ocrx_word' id='word_1_11' title='bbox 264 364 354 420; x_wconf 91' lang='lat' dir='ltr'>clauso</span> <span class='ocrx_word' id='word_1_12' title='bbox 366 373 437 421; x_wconf 85' lang='lat' dir='ltr'>tenes</span> <span class='ocrx_word' id='word_1_13' title='bbox 450 368 478 421; x_wconf 95' lang='lat' dir='ltr'>in</span> <span class='ocrx_word' id='word_1_14' title='bbox 491 383 544 432; x_wconf 91' lang='lat' dir='ltr'>ore,</span> 
     </span>
     <span class='ocr_line' id='line_1_4' title="bbox 87 439 546 512; baseline 0 -17"><span class='ocrx_word' id='word_1_15' title='bbox 87 440 189 495; x_wconf 85' lang='lat' dir='ltr'>fruetus</span> <span class='ocrx_word' id='word_1_16' title='bbox 201 439 322 512; x_wconf 80' lang='lat' dir='ltr'>proiicies</span> <span class='ocrx_word' id='word_1_17' title='bbox 335 441 432 495; x_wconf 89' lang='lat' dir='ltr'>amoris</span> <span class='ocrx_word' id='word_1_18' title='bbox 444 457 546 495; x_wconf 87' lang='lat' dir='ltr'>omnes.</span> 
     </span>
     <span class='ocr_line' id='line_1_5' title="bbox 89 513 541 587; baseline -0.004 -17"><span class='ocrx_word' id='word_1_19' title='bbox 89 516 204 570; x_wconf 86' lang='lat' dir='ltr'>Verbosa</span> <span class='ocrx_word' id='word_1_20' title='bbox 216 513 313 587; x_wconf 75' lang='lat' dir='ltr'>gaudet</span> <span class='ocrx_word' id='word_1_21' title='bbox 325 515 415 570; x_wconf 89' lang='lat' dir='ltr'>Venus</span> <span class='ocrx_word' id='word_1_22' title='bbox 428 513 541 586; x_wconf 81' lang='lat' dir='ltr'>loquela.</span> 
     </span>
     <span class='ocr_line' id='line_1_6' title="bbox 89 588 578 660; baseline -0.004 -15"><span class='ocrx_word' id='word_1_23' title='bbox 89 589 146 656; x_wconf 88' lang='lat' dir='ltr'>Vel,</span> <span class='ocrx_word' id='word_1_24' title='bbox 161 590 185 644; x_wconf 92' lang='lat' dir='ltr'>si</span> <span class='ocrx_word' id='word_1_25' title='bbox 197 589 249 653; x_wconf 84' lang='lat' dir='ltr'>vis,</span> <span class='ocrx_word' id='word_1_26' title='bbox 264 588 324 644; x_wconf 88' lang='lat' dir='ltr'>licet</span> <span class='ocrx_word' id='word_1_27' title='bbox 335 589 439 643; x_wconf 82' lang='lat' dir='ltr'>obseres</span> <span class='ocrx_word' id='word_1_28' title='bbox 451 588 578 660; x_wconf 82' lang='lat' dir='ltr'>palatum,</span> 
     </span>
     <span class='ocr_line' id='line_1_7' title="bbox 88 663 573 735; baseline -0.004 -17"><span class='ocrx_word' id='word_1_29' title='bbox 88 664 155 718; x_wconf 88' lang='lat' dir='ltr'>dum</span> <span class='ocrx_word' id='word_1_30' title='bbox 168 663 249 718; x_wconf 84' lang='lat' dir='ltr'>vostri</span> <span class='ocrx_word' id='word_1_31' title='bbox 261 665 313 718; x_wconf 90' lang='lat' dir='ltr'>sim</span> <span class='ocrx_word' id='word_1_32' title='bbox 325 663 454 735; x_wconf 78' lang='lat' dir='ltr'>particeps</span> <span class='ocrx_word' id='word_1_33' title='bbox 466 664 573 718; x_wconf 85' lang='lat' dir='ltr'>amoris.</span> 
     </span>
    </p>
   </div>
   <div class='ocr_carea' id='block_1_3' title="bbox 251 823 591 870">
    <p class='ocr_par' dir='ltr' id='par_1_3' title="bbox 251 823 591 870">
     <span class='ocr_line' id='line_1_8' title="bbox 251 823 591 870; baseline 0 -4"><span class='ocrx_word' id='word_1_34' title='bbox 251 823 321 868; x_wconf 86' lang='lat' dir='ltr'>LVI.</span> <span class='ocrx_word' id='word_1_35' title='bbox 344 825 391 869; x_wconf 79' lang='lat' dir='ltr'>AD</span> <span class='ocrx_word' id='word_1_36' title='bbox 408 826 591 870; x_wconf 76' lang='lat' dir='ltr'>CATONEM.</span> 
     </span>
    </p>
   </div>
   <div class='ocr_carea' id='block_1_4' title="bbox 89 906 857 1436">
    <p class='ocr_par' dir='ltr' id='par_1_4' title="bbox 89 906 857 1436">
     <span class='ocr_line' id='line_1_9' title="bbox 128 906 652 983; baseline 0.002 -12"><span class='ocrx_word' id='word_1_37' title='bbox 128 906 158 971; x_wconf 92' lang='grc' dir='ltr'><strong>Ο</strong></span> <span class='ocrx_word' id='word_1_38' title='bbox 172 932 228 970; x_wconf 87' lang='lat' dir='ltr'>rem</span> <span class='ocrx_word' id='word_1_39' title='bbox 240 915 390 983; x_wconf 83' lang='lat' dir='ltr'>ridiculam,</span> <span class='ocrx_word' id='word_1_40' title='bbox 406 918 477 983; x_wconf 85' lang='lat' dir='ltr'>Cato,</span> <span class='ocrx_word' id='word_1_41' title='bbox 493 925 518 972; x_wconf 92' lang='lat' dir='ltr'>et</span> <span class='ocrx_word' id='word_1_42' title='bbox 530 919 652 982; x_wconf 90' lang='lat' dir='ltr'>iocosam,</span> 
     </span>
     <span class='ocr_line' id='line_1_10' title="bbox 89 990 625 1065; baseline 0 -19"><span class='ocrx_word' id='word_1_43' title='bbox 89 990 254 1065; x_wconf 79' lang='lat' dir='ltr'>dignamque</span> <span class='ocrx_word' id='word_1_44' title='bbox 267 992 377 1046; x_wconf 89' lang='lat' dir='ltr'>auribus</span> <span class='ocrx_word' id='word_1_45' title='bbox 390 999 415 1046; x_wconf 88' lang='lat' dir='ltr'>et</span> <span class='ocrx_word' id='word_1_46' title='bbox 427 999 472 1047; x_wconf 95' lang='lat' dir='ltr'>tuo</span> <span class='ocrx_word' id='word_1_47' title='bbox 484 992 625 1048; x_wconf 79' lang='lat' dir='ltr'>cachinno!</span> 
     </span>
     <span class='ocr_line' id='line_1_11' title="bbox 89 1065 661 1137; baseline 0.002 -18"><span class='ocrx_word' id='word_1_48' title='bbox 89 1065 165 1130; x_wconf 84' lang='lat' dir='ltr'>Ride,</span> <span class='ocrx_word' id='word_1_49' title='bbox 180 1065 316 1137; x_wconf 91' lang='lat' dir='ltr'>quidquid</span> <span class='ocrx_word' id='word_1_50' title='bbox 328 1084 410 1132; x_wconf 91' lang='lat' dir='ltr'>amas,</span> <span class='ocrx_word' id='word_1_51' title='bbox 426 1067 497 1132; x_wconf 84' lang='lat' dir='ltr'>Cato,</span> <span class='ocrx_word' id='word_1_52' title='bbox 513 1066 661 1122; x_wconf 86' lang='lat' dir='ltr'>Catullum:</span> 
     </span>
     <span class='ocr_line' id='line_1_12' title="bbox 90 1139 698 1196; baseline 0.007 -3"><span class='ocrx_word' id='word_1_53' title='bbox 90 1157 132 1194; x_wconf 88' lang='lat' dir='ltr'>res</span> <span class='ocrx_word' id='word_1_54' title='bbox 144 1146 184 1194; x_wconf 87' lang='lat' dir='ltr'>est</span> <span class='ocrx_word' id='word_1_55' title='bbox 195 1139 308 1195; x_wconf 87' lang='lat' dir='ltr'>ridicula</span> <span class='ocrx_word' id='word_1_56' title='bbox 319 1149 345 1196; x_wconf 88' lang='lat' dir='ltr'>et</span> <span class='ocrx_word' id='word_1_57' title='bbox 357 1141 438 1196; x_wconf 90' lang='lat' dir='ltr'>nimis</span> <span class='ocrx_word' id='word_1_58' title='bbox 451 1141 547 1196; x_wconf 85' lang='lat' dir='ltr'>iocosa.</span> <span class='ocrx_word' id='word_1_59' title='bbox 694 1179 698 1188; x_wconf 81' lang='lat'><em>-</em></span> 
     </span>
     <span class='ocr_line' id='line_1_13' title="bbox 89 1213 857 1286; baseline -0.004 -18"><span class='ocrx_word' id='word_1_60' title='bbox 89 1213 221 1285; x_wconf 76' lang='lat' dir='ltr'>Deprendi</span> <span class='ocrx_word' id='word_1_61' title='bbox 233 1214 312 1270; x_wconf 90' lang='lat' dir='ltr'>modo</span> <span class='ocrx_word' id='word_1_62' title='bbox 322 1215 456 1286; x_wconf 88' lang='lat' dir='ltr'>pupulum</span> <span class='ocrx_word' id='word_1_63' title='bbox 468 1214 571 1286; x_wconf 86' lang='lat' dir='ltr'>puellae</span> <span class='ocrx_word' id='word_1_64' title='bbox 846 1225 857 1265; x_wconf 81' lang='lat'><strong>5</strong></span> 
     </span>
     <span class='ocr_line' id='line_1_14' title="bbox 90 1289 684 1364; baseline 0 -22"><span class='ocrx_word' id='word_1_65' title='bbox 90 1296 245 1344; x_wconf 84' lang='lat' dir='ltr'>trusantem.</span> <span class='ocrx_word' id='word_1_66' title='bbox 285 1290 362 1345; x_wconf 92' lang='lat' dir='ltr'>Hunc</span> <span class='ocrx_word' id='word_1_67' title='bbox 373 1307 431 1364; x_wconf 75' lang='lat' dir='ltr'>ego,</span> <span class='ocrx_word' id='word_1_68' title='bbox 446 1289 469 1343; x_wconf 92' lang='lat' dir='ltr'>si</span> <span class='ocrx_word' id='word_1_69' title='bbox 482 1289 566 1360; x_wconf 87' lang='lat' dir='ltr'>placet</span> <span class='ocrx_word' id='word_1_70' title='bbox 578 1289 684 1352; x_wconf 85' lang='lat' dir='ltr'>Dionae,</span> 
     </span>
     <span class='ocr_line' id='line_1_15' title="bbox 89 1361 465 1436; baseline 0 -18"><span class='ocrx_word' id='word_1_71' title='bbox 89 1361 189 1434; x_wconf 83' lang='lat' dir='ltr'>protelo</span> <span class='ocrx_word' id='word_1_72' title='bbox 201 1363 287 1436; x_wconf 81' lang='lat' dir='ltr'>rigide</span> <span class='ocrx_word' id='word_1_73' title='bbox 300 1381 357 1420; x_wconf 90' lang='lat' dir='ltr'>mea</span> <span class='ocrx_word' id='word_1_74' title='bbox 372 1362 465 1418; x_wconf 88' lang='lat' dir='ltr'>cecidi.</span> 
     </span>
    </p>
   </div>
   <div class='ocr_carea' id='block_1_5' title="bbox 95 1509 758 1554">
    <p class='ocr_par' dir='ltr' id='par_1_5' title="bbox 95 1509 758 1554">
     <span class='ocr_line' id='line_1_16' title="bbox 95 1509 758 1554; baseline -0.003 -2"><span class='ocrx_word' id='word_1_75' title='bbox 95 1509 182 1552; x_wconf 79' lang='lat' dir='ltr'>LVII.</span> <span class='ocrx_word' id='word_1_76' title='bbox 206 1509 245 1552; x_wconf 86' lang='lat' dir='ltr'>IN</span> <span class='ocrx_word' id='word_1_77' title='bbox 260 1511 469 1554; x_wconf 77' lang='lat' dir='ltr'>MAMURRAM</span> <span class='ocrx_word' id='word_1_78' title='bbox 488 1509 536 1554; x_wconf 76' lang='lat' dir='ltr'>m·</span> <span class='ocrx_word' id='word_1_79' title='bbox 553 1509 758 1553; x_wconf 78' lang='lat' dir='ltr'><strong>CAESAREM.</strong></span> 
     </span>
    </p>
   </div>
   <div class='ocr_carea' id='block_1_6' title="bbox 90 1592 858 2343">
    <p class='ocr_par' dir='ltr' id='par_1_6' title="bbox 90 1592 858 2343">
     <span class='ocr_line' id='line_1_17' title="bbox 127 1592 659 1674; baseline 0.002 -20"><span class='ocrx_word' id='word_1_80' title='bbox 127 1592 247 1655; x_wconf 89' lang='lat' dir='ltr'>Pulchre</span> <span class='ocrx_word' id='word_1_81' title='bbox 258 1602 381 1657; x_wconf 89' lang='lat' dir='ltr'>convenit</span> <span class='ocrx_word' id='word_1_82' title='bbox 392 1603 521 1674; x_wconf 87' lang='lat' dir='ltr'>improbis</span> <span class='ocrx_word' id='word_1_83' title='bbox 533 1601 659 1666; x_wconf 80' lang='lat' dir='ltr'>cinaedis,</span> 
     </span>
     <span class='ocr_line' id='line_1_18' title="bbox 90 1673 600 1748; baseline 0.004 -20"><span class='ocrx_word' id='word_1_84' title='bbox 90 1673 240 1729; x_wconf 85' lang='lat' dir='ltr'>Mamurrae</span> <span class='ocrx_word' id='word_1_85' title='bbox 250 1677 417 1748; x_wconf 84' lang='lat' dir='ltr'>pathicoque,</span> <span class='ocrx_word' id='word_1_86' title='bbox 433 1677 600 1748; x_wconf 82' lang='lat' dir='ltr'>Caesarique.</span> 
     </span>
     <span class='ocr_line' id='line_1_19' title="bbox 90 1750 640 1823; baseline 0.004 -20"><span class='ocrx_word' id='word_1_87' title='bbox 90 1750 145 1804; x_wconf 89' lang='lat' dir='ltr'>Nec</span> <span class='ocrx_word' id='word_1_88' title='bbox 156 1750 270 1804; x_wconf 89' lang='lat' dir='ltr'>mirum:</span> <span class='ocrx_word' id='word_1_89' title='bbox 292 1750 411 1806; x_wconf 88' lang='lat' dir='ltr'>maculae</span> <span class='ocrx_word' id='word_1_90' title='bbox 422 1767 498 1823; x_wconf 80' lang='lat' dir='ltr'>pares</span> <span class='ocrx_word' id='word_1_91' title='bbox 510 1751 640 1823; x_wconf 88' lang='lat' dir='ltr'>utrisque,</span> 
     </span>
     <span class='ocr_line' id='line_1_20' title="bbox 90 1823 540 1889; baseline 0.004 -12"><span class='ocrx_word' id='word_1_92' title='bbox 90 1823 193 1878; x_wconf 88' lang='lat' dir='ltr'>urbana</span> <span class='ocrx_word' id='word_1_93' title='bbox 206 1823 285 1879; x_wconf 87' lang='lat' dir='ltr'>altera</span> <span class='ocrx_word' id='word_1_94' title='bbox 297 1832 322 1879; x_wconf 88' lang='lat' dir='ltr'>et</span> <span class='ocrx_word' id='word_1_95' title='bbox 334 1824 378 1880; x_wconf 89' lang='lat' dir='ltr'>illa</span> <span class='ocrx_word' id='word_1_96' title='bbox 391 1825 540 1889; x_wconf 84' lang='lat' dir='ltr'>Formiana,</span> 
     </span>
     <span class='ocr_line' id='line_1_21' title="bbox 90 1898 566 1970; baseline 0.006 -19"><span class='ocrx_word' id='word_1_97' title='bbox 90 1915 235 1970; x_wconf 78' lang='lat' dir='ltr'>impressae</span> <span class='ocrx_word' id='word_1_98' title='bbox 247 1898 362 1954; x_wconf 89' lang='lat' dir='ltr'>resident</span> <span class='ocrx_word' id='word_1_99' title='bbox 374 1917 423 1954; x_wconf 90' lang='lat' dir='ltr'>nec</span> <span class='ocrx_word' id='word_1_100' title='bbox 435 1899 566 1954; x_wconf 86' lang='lat' dir='ltr'>eluentur.</span> 
     </span>
     <span class='ocr_line' id='line_1_22' title="bbox 90 1973 577 2046; baseline 0.006 -20"><span class='ocrx_word' id='word_1_101' title='bbox 90 1973 206 2027; x_wconf 87' lang='lat' dir='ltr'>Morbosi</span> <span class='ocrx_word' id='word_1_102' title='bbox 219 1974 323 2044; x_wconf 83' lang='lat' dir='ltr'>pariter,</span> <span class='ocrx_word' id='word_1_103' title='bbox 338 1973 444 2046; x_wconf 81' lang='lat' dir='ltr'>gemelli</span> <span class='ocrx_word' id='word_1_104' title='bbox 457 1975 577 2046; x_wconf 87' lang='lat' dir='ltr'>utrique:</span> 
     </span>
     <span class='ocr_line' id='line_1_23' title="bbox 90 2046 549 2113; baseline 0.004 -13"><span class='ocrx_word' id='word_1_105' title='bbox 90 2063 145 2102; x_wconf 93' lang='lat' dir='ltr'>uno</span> <span class='ocrx_word' id='word_1_106' title='bbox 158 2047 187 2102; x_wconf 90' lang='lat' dir='ltr'>in</span> <span class='ocrx_word' id='word_1_107' title='bbox 201 2046 304 2113; x_wconf 84' lang='lat' dir='ltr'>lectulo,</span> <span class='ocrx_word' id='word_1_108' title='bbox 319 2048 444 2104; x_wconf 86' lang='lat' dir='ltr'>erudituli</span> <span class='ocrx_word' id='word_1_109' title='bbox 457 2049 549 2104; x_wconf 90' lang='lat' dir='ltr'>ambo:</span> 
     </span>
     <span class='ocr_line' id='line_1_24' title="bbox 90 2120 696 2196; baseline 0.002 -22"><span class='ocrx_word' id='word_1_110' title='bbox 90 2138 143 2176; x_wconf 94' lang='lat' dir='ltr'>non</span> <span class='ocrx_word' id='word_1_111' title='bbox 156 2121 210 2185; x_wconf 90' lang='lat' dir='ltr'>hic,</span> <span class='ocrx_word' id='word_1_112' title='bbox 225 2139 307 2194; x_wconf 90' lang='lat' dir='ltr'>quam</span> <span class='ocrx_word' id='word_1_113' title='bbox 320 2120 373 2187; x_wconf 90' lang='lat' dir='ltr'>ille,</span> <span class='ocrx_word' id='word_1_114' title='bbox 388 2123 474 2196; x_wconf 80' lang='lat' dir='ltr'>magis</span> <span class='ocrx_word' id='word_1_115' title='bbox 487 2139 569 2178; x_wconf 88' lang='lat' dir='ltr'>vorax</span> <span class='ocrx_word' id='word_1_116' title='bbox 582 2121 696 2176; x_wconf 87' lang='lat' dir='ltr'>adulter:</span> 
     </span>
     <span class='ocr_line' id='line_1_25' title="bbox 91 2194 503 2268; baseline 0.005 -20"><span class='ocrx_word' id='word_1_117' title='bbox 91 2194 186 2252; x_wconf 87' lang='lat' dir='ltr'>rivales</span> <span class='ocrx_word' id='word_1_118' title='bbox 199 2197 264 2250; x_wconf 91' lang='lat' dir='ltr'>socii</span> <span class='ocrx_word' id='word_1_119' title='bbox 277 2204 302 2251; x_wconf 89' lang='lat' dir='ltr'>et</span> <span class='ocrx_word' id='word_1_120' title='bbox 313 2196 503 2268; x_wconf 88' lang='lat' dir='ltr'>puellularum.</span> 
     </span>
     <span class='ocr_line' id='line_1_26' title="bbox 92 2268 858 2343; baseline 0 -20"><span class='ocrx_word' id='word_1_121' title='bbox 92 2268 204 2324; x_wconf 87' lang='lat' dir='ltr'>Pulchre</span> <span class='ocrx_word' id='word_1_122' title='bbox 216 2272 340 2326; x_wconf 85' lang='lat' dir='ltr'>convenit</span> <span class='ocrx_word' id='word_1_123' title='bbox 350 2271 482 2343; x_wconf 86' lang='lat' dir='ltr'>improbis</span> <span class='ocrx_word' id='word_1_124' title='bbox 495 2269 621 2325; x_wconf 86' lang='lat' dir='ltr'>cinaedis.</span> <span class='ocrx_word' id='word_1_125' title='bbox 833 2274 858 2316; x_wconf 83' lang='lat'>1⁰</span> 
     </span>
    </p>
   </div>
   <div class='ocr_carea' id='block_1_7' title="bbox 138 2413 717 2461">
    <p class='ocr_par' dir='ltr' id='par_1_7' title="bbox 138 2413 717 2461">
     <span class='ocr_line' id='line_1_27' title="bbox 138 2413 717 2461; baseline -0.005 -2"><span class='ocrx_word' id='word_1_126' title='bbox 138 2416 242 2460; x_wconf 68' lang='lat' dir='ltr'>lavlll.</span> <span class='ocrx_word' id='word_1_127' title='bbox 267 2419 314 2461; x_wconf 84' lang='grc' dir='ltr'>ΔΙ)</span> <span class='ocrx_word' id='word_1_128' title='bbox 332 2417 498 2461; x_wconf 71' lang='lat' dir='ltr'>colentum</span> <span class='ocrx_word' id='word_1_129' title='bbox 514 2417 561 2459; x_wconf 84' lang='lat' dir='ltr'>DE</span> <span class='ocrx_word' id='word_1_130' title='bbox 576 2413 717 2459; x_wconf 77' lang='lat' dir='ltr'>LESBIA.</span> 
     </span>
    </p>
   </div>
   <div class='ocr_carea' id='block_1_8' title="bbox 17 2501 681 2790">
    <p class='ocr_par' dir='ltr' id='par_1_8' title="bbox 17 2501 681 2790">
     <span class='ocr_line' id='line_1_28' title="bbox 17 2501 616 2584; baseline -0.008 -17"><span class='ocrx_word' id='word_1_131' title='bbox 17 2561 19 2584; x_wconf 50' lang='lat'>,</span> <span class='ocrx_word' id='word_1_132' title='bbox 129 2501 216 2575; x_wconf 86' lang='lat' dir='ltr'>Coeli,</span> <span class='ocrx_word' id='word_1_133' title='bbox 232 2509 327 2566; x_wconf 87' lang='lat' dir='ltr'>Lesbia</span> <span class='ocrx_word' id='word_1_134' title='bbox 341 2518 438 2574; x_wconf 89' lang='lat' dir='ltr'>nostra,</span> <span class='ocrx_word' id='word_1_135' title='bbox 453 2507 546 2562; x_wconf 76' lang='lat' dir='ltr'>lesbia</span> <span class='ocrx_word' id='word_1_136' title='bbox 562 2506 616 2572; x_wconf 82' lang='lat' dir='ltr'>illa,</span> 
     </span>
     <span class='ocr_line' id='line_1_29' title="bbox 93 2582 582 2656; baseline 0 -21"><span class='ocrx_word' id='word_1_137' title='bbox 93 2582 136 2639; x_wconf 89' lang='lat' dir='ltr'>illa</span> <span class='ocrx_word' id='word_1_138' title='bbox 149 2586 255 2651; x_wconf 86' lang='lat' dir='ltr'>Lesbia,</span> <span class='ocrx_word' id='word_1_139' title='bbox 270 2601 353 2656; x_wconf 88' lang='lat' dir='ltr'>quam</span> <span class='ocrx_word' id='word_1_140' title='bbox 366 2582 487 2638; x_wconf 88' lang='lat' dir='ltr'>Catullus</span> <span class='ocrx_word' id='word_1_141' title='bbox 499 2598 582 2636; x_wconf 88' lang='lat' dir='ltr'>unam</span> 
     </span>
     <span class='ocr_line' id='line_1_30' title="bbox 92 2655 681 2790; baseline -0.01 -74"><span class='ocrx_word' id='word_1_142' title='bbox 92 2657 248 2790; x_wconf 60' lang='lat' dir='ltr'>pqqqquam</span> <span class='ocrx_word' id='word_1_143' title='bbox 261 2676 291 2714; x_wconf 88' lang='lat' dir='ltr'>se</span> <span class='ocrx_word' id='word_1_144' title='bbox 303 2667 383 2730; x_wconf 81' lang='lat' dir='ltr'>atque</span> <span class='ocrx_word' id='word_1_145' title='bbox 395 2674 457 2712; x_wconf 85' lang='lat' dir='ltr'>suos</span> <span class='ocrx_word' id='word_1_146' title='bbox 471 2655 569 2710; x_wconf 68' lang='lat' dir='ltr'>amarit</span> <span class='ocrx_word' id='word_1_147' title='bbox 580 2672 681 2784; x_wconf 59' lang='lat' dir='ltr'>omuga,</span> 
     </span>
    </p>
   </div>
   <div class='ocr_carea' id='block_1_9' title="bbox 0 0 1025 3036">
    <p class='ocr_par' dir='ltr' id='par_1_9' title="bbox 0 0 1025 3036">
     <span class='ocr_line' id='line_1_31' title="bbox 0 0 1025 3036; baseline 0 0"><span class='ocrx_word' id='word_1_148' title='bbox 0 0 1025 3036; x_wconf 95' lang='lat' dir='ltr'> </span> 
     </span>
    </p>
   </div>
  </div>
 </body>
</html>
