2030 3040
265 159 336 212 ΗΒ.
357 159 377 212 1.
407 157 521 214 ELEG.
542 158 636 212 XVII.
774 159 816 212 {7⁴

76 269 120 324 Sic
130 284 179 340 ego
188 281 260 321 nuno
268 264 390 320 dominae
400 266 480 331 vitiis,
491 276 517 323 et
526 285 628 339 semper
638 267 750 323 amantis

114 341 228 404 fletibus,
241 347 344 395 aeterna
354 339 458 396 differor
468 341 579 398 invidia.

312 519 473 565 unuln
501 522 591 564 xvn.

78 630 117 691 Et
127 636 227 702 merito,
239 633 367 706 quoniam
376 636 449 705 potui
459 633 560 710 fugias
567 634 692 707 puellam,

116 726 188 765 nunc
197 726 245 782 ego
254 709 368 764 desertas
376 709 504 783 adloquor
512 709 653 784 Alcyonas.

79 787 132 840 Neo
141 784 208 839 mihi
217 783 341 854 Cassiope
348 782 423 840 solito
433 786 523 841 visura
532 785 648 839 caninam
658 791 705 848 ast,

116 858 258 930 omniaque
268 858 371 931 ingrato
380 858 454 914 litura
463 867 523 914 vota
532 858 638 914 uadunt.

79 933 150 1001 Quin
160 933 238 988 etiam
248 932 349 988 absenti
359 940 470 1005 prosunt
480 935 537 1000 ubi,
550 933 673 1007 Cynthia,
685 932 769 1000 venti;
867 942 878 985 5

117 1008 231 1079 adunus,
242 1025 324 1079 quam
334 1025 426 1065 manas
435 1010 550 1082 increpat
557 1026 621 1064 aura
631 1009 727 1064 minas.

80 1081 193 1138 Nullane
197 1081 316 1154 placatae
325 1085 412 1140 veniet
421 1083 524 1140 fortuna
533 1082 678 1156 prunellas?

117 1157 242 1212 Haeoeine
251 1174 332 1227 parva
341 1174 432 1214 maum
441 1157 523 1214 funus
533 1175 610 1213 arnna
620 1156 704 1231 tegat?

80 1234 120 1287 Tu
130 1232 255 1286 tamenin
266 1230 362 1286 metius
371 1249 462 1288 saevas
473 1240 593 1288 aunuente
601 1230 734 1303 querelam

118 1314 157 1360 sat
166 1305 214 1359 tibi
224 1305 259 1358 sit
267 1321 365 1375 poenas
374 1322 428 1360 nux
438 1313 464 1360 at
473 1306 566 1376 iniqua
577 1305 652 1362 vada.
855 1315 878 1357 tu

80 1382 122 1436 An
132 1379 228 1452 poturis
238 1378 314 1432 sionis
323 1395 381 1434 msa
390 1377 442 1433 fata
451 1395 575 1450 reponens
583 1378 687 1434 ocellis?

117 1470 229 1525 ossaque
238 1451 313 1508 nulla
322 1460 368 1508 tuo
377 1461 465 1510 nostra
473 1461 560 1508 tenura
569 1452 649 1510 sinu‘t

1 1541 2 1544 ’
81 1530 123 1584 Ah
132 1536 229 1601 pereat,
241 1527 396 1600 quicunque
405 1536 472 1584 ratas
481 1534 507 1582 et
516 1525 572 1583 vela
583 1527 685 1598 paravit

118 1604 230 1675 primus,
242 1609 267 1656 et
277 1603 360 1658 invito
368 1603 473 1675 gurgite
483 1601 608 1656 renititur.

82 1673 631 1746 Nonnefuitmeliusdominaupervinusrs
641 1690 734 1736 morus,
854 1682 879 1724 15

119 1749 257 1822 (quamvis
266 1749 341 1815 dura,
353 1757 442 1806 umen
452 1767 510 1804 rara
520 1747 607 1819 puella
617 1745 678 1817 tuit)

82 1841 164 1897 quam
175 1824 214 1878 siu
222 1824 320 1897 ignotis
329 1823 489 1880 circumdata
499 1822 573 1878 litora
583 1820 658 1876 silvis

119 1915 231 1965 eernere,
243 1906 268 1953 et
276 1906 376 1970 optatas
385 1915 510 1972 quaerere
519 1893 700 1971 Tyndaridas?

83 1973 140 2030 {llio
148 1974 171 2030 si
181 1991 234 2046 qua
243 1990 333 2028 meum
343 1973 496 2047 sapslissent
503 1971 554 2028 fata
566 1970 691 2035 dolorem,

119 2049 230 2104 ultimus
240 2055 265 2103 et
273 2049 357 2120 posito
366 2055 446 2105 staret
454 2063 541 2104 amora
551 2045 626 2118 lapis,
854 2049 881 2092 2⁰

84 2123 128 2178 illa
138 2141 196 2178 meo
205 2139 278 2178 caros
287 2122 409 2180 donasset
418 2123 509 2180 funus
517 2122 616 2189 arinen

120 2196 232 2251 mollitur
241 2204 267 2250 st
275 2203 361 2253 tenera
371 2205 478 2268 poneret
486 2214 544 2254 ussa
557 2213 628 2251 rusa:

83 2269 129 2326 illa
137 2286 227 2325 meum
237 2277 354 2326 extremo
363 2271 500 2326 clamasset
508 2269 617 2341 pulvere
626 2283 731 2330 noman,

121 2353 178 2400 tum
188 2343 255 2398 mihi
264 2361 317 2400 nan
326 2343 382 2400 ullo
390 2344 504 2416 pondere
515 2351 580 2398 turra
588 2341 661 2398 forat.

84 2417 449 2491 Atvosaequoreaaformosa
458 2416 644 2481 Doridanatas,
858 2422 884 2464 25

121 2493 232 2548 eandida
242 2492 311 2548 felini
321 2493 414 2550 solvito
425 2492 481 2550 vala
490 2492 579 2550 choro.

84 2567 112 2622 Si
122 2568 230 2640 quando
239 2574 340 2624 vestras
348 2568 440 2626 labens
448 2565 529 2624 Amor
538 2566 622 2640 attigit
631 2564 726 2630 undas,

122 2643 266 2698 mansuetis
276 2645 347 2700 socio
357 2644 453 2716 pamita
463 2641 595 2698 litoribus.
