2040 3030
287 176 360 230 LIB.
380 177 435 230 111.
464 175 578 230 ELEG.
599 176 635 231 X.
656 189 658 194 '
787 175 836 230 237

90 281 199 338 Careiae
208 281 318 355 expletis
328 284 419 338 statuit
429 290 599 338 monumenta
609 283 724 342 lacunis:

129 355 244 412 admisso
254 358 347 414 Decius
357 357 455 429 proelia
465 357 537 427 rupit
545 375 623 429 equo.

93 430 199 488 Coclitis
209 432 339 487 abscissos
349 440 457 488 teatatur
467 433 559 486 semita
569 440 674 503 pentae:
865 449 890 492 as

3 508 7 523 '
127 505 219 561 eeteui
279 523 373 560 nomeu
384 523 479 561 eervus
491 505 588 560 habere
598 507 679 562 dedit.

91 579 252 635 Haeadieou
274 578 834 651 ¹derunt,haeediquoquemoeniaservaat:

129 655 178 708 vix
187 654 285 720 timeat,
297 653 372 710 salvo
382 654 499 719 Caesare,
512 656 595 710 Roma
603 657 702 711 lovem.
760 679 764 688 ·

91 728 238 782 Leucadius
247 747 337 784 versas
346 729 414 784 aciae
423 729 579 784 memorabit
591 729 694 802 Apollo.

128 804 242 858 Tantum
251 804 337 875 operis
346 802 410 859 belli
420 803 528 859 sustulit
537 822 592 860 uua
601 804 667 860 dies.
865 821 890 862 aa

90 874 125 932 At
134 884 172 943 tu,
184 877 241 933 eive
249 886 320 949 petes
330 885 487 950 portereau,
499 879 597 946 navita,
611 879 724 954 linquae,

128 952 245 1008 Caesaris
256 954 284 1008 in
295 960 346 1009 toto
356 953 393 1008 sie
403 970 503 1009 memor
512 954 595 1012 Iunio.

351 1083 512 1127 Rauola
539 1084 572 1127 X.

89 1163 226 1238 Postume,
237 1172 382 1244 plorantem
392 1175 500 1244 potuisti
510 1173 631 1246 linquere
640 1177 764 1232 Gallam?

127 1247 203 1300 milae
213 1256 239 1300 et
247 1247 362 1320 Augusti
372 1246 447 1301 sortia
457 1248 535 1319 sigua
547 1249 641 1320 sequi?

90 1321 200 1375 Tautine
209 1319 263 1374 ulla
272 1320 323 1374 fuir
332 1320 435 1391 spoliati
444 1319 528 1393 gloria
538 1322 636 1388 Parthi,

126 1411 160 1448 ue
171 1392 267 1448 faoerea
277 1393 352 1450 Galla
363 1393 446 1448 mulia
457 1401 564 1468 rogante
573 1395 639 1450 tua?

89 1467 117 1524 Si
128 1467 167 1523 ias
176 1473 224 1533 est,
236 1484 327 1522 omnes
337 1469 433 1540 pariter
441 1469 552 1542 pereatis
560 1471 633 1525 avari

126 1551 151 1597 et
161 1543 285 1614 quisquis
295 1542 349 1598 fido
357 1543 480 1614 praetulit
490 1561 562 1598 arma
573 1550 638 1598 toro.

89 1617 129 1672 Tu
140 1625 227 1671 tamen
238 1617 331 1672 iniecta
341 1625 433 1684 metue,
443 1634 549 1683 vesane,
561 1617 664 1674 lacerna

126 1690 228 1762 potabis
238 1690 312 1762 galea
321 1689 407 1745 faesus
416 1692 512 1746 Araxis
522 1709 630 1762 aquam.

89 1763 135 1818 Illa
145 1763 254 1835 quidem
264 1764 360 1818 interea
370 1764 439 1820 fama
448 1766 561 1820 tabeeeet
570 1765 654 1831 inani,

127 1838 191 1893 haec
198 1845 244 1892 tua
255 1855 288 1892 ue
297 1838 382 1894 virtue
395 1839 440 1894 fiat
449 1856 537 1894 amara
546 1839 613 1894 eibi:

89 1930 156 1968 neve
165 1919 209 1968 tua
219 1911 310 1968 Medae
322 1913 450 1968 laetentur
457 1913 535 1968 eaede
545 1913 662 1988 sagittae,

126 1986 224 2042 ferreus
235 1994 334 2043 armatu
343 2005 394 2044 neu
405 1989 584 2061 eataphraetus
594 2004 677 2060 equo:

89 2080 155 2117 neve
164 2061 266 2133 aliquid
275 2061 308 2116 de
317 2070 342 2118 te
352 2062 469 2119 flendum
479 2062 605 2118 referatur·
615 2065 642 2118 in
653 2080 731 2118 urna.

125 2135 168 2190 Sic
177 2136 295 2201 redeunt,
308 2137 361 2192 illie
371 2138 419 2210 qui
429 2139 544 2192 cecidere
553 2136 627 2193 louis.

88 2210 137 2264 Ter
147 2217 238 2280 quater
249 2210 276 2263 iu
286 2218 356 2265 easta
366 2211 439 2277 felix,
451 2213 608 2276 oPostume,
623 2210 707 2273 Galla,

125 2283 244 2336 maribus
254 2283 297 2336 his
307 2283 358 2338 alia
368 2284 480 2357 euniuge
488 2283 587 2356 diguus
596 2301 664 2339 eras.

87 2355 158 2424 Quid
169 2355 244 2409 faciei
253 2354 328 2411 nullo
337 2358 440 2412 munita
448 2357 537 2429 puella
546 2358 647 2423 timore,

124 2447 210 2502 quum
223 2430 258 2484 eit
268 2430 389 2486 luxuriae
399 2432 481 2487 Roma
491 2432 616 2506 magistra
624 2430 706 2486 auae?

86 2503 138 2561 Sed
148 2521 257 2559 securus
265 2521 324 2560 eae:
345 2505 449 2560 Gallam
459 2523 512 2561 non
523 2523 632 2561 munera
643 2507 757 2572 vineant,

123 2578 289 2651 duritiaeque
298 2588 358 2635 tuae
368 2597 419 2636 non
430 2581 479 2635 erit
487 2580 531 2636 iiia
541 2597 652 2636 memor.
861 2593 887 2634 aa

5 2617 7 2726 ι
87 2655 155 2710 Nam
165 2671 327 2728 quoeunque
335 2655 379 2711 die
388 2654 493 2715 salvum
502 2663 527 2712 te
535 2655 586 2711 iata
596 2655 735 2721 remittent,
