2040 3030
253 153 324 206 LIB.
345 153 382 207 11.
412 152 526 206 ELEG.
549 153 632 207 XXI.
765 157 815 208 209

68 279 117 316 seu
126 259 239 332 podibus
249 259 357 314 Parthos
367 259 514 330 sequimur,
522 275 569 312 sen
577 258 809 326 classeBritannos,

106 342 133 388 ct
141 333 222 388 maris
232 341 257 386 et
267 341 347 388 terrae
356 350 428 387 caeca
437 331 534 403 pericla
544 332 614 400 viae3

68 425 164 463 rursus
174 414 199 461 et
208 407 339 462 obiectum
349 406 415 461 fletis
425 407 502 478 capiti
513 423 570 459 cese
579 405 733 470 tumultum,
845 419 869 460 ts

106 499 193 554 quum
203 482 306 536 Mavors
316 480 411 535 dubias
421 481 512 534 miscet
522 481 647 551 utrinque
656 497 766 548 manus3

69 563 200 627 praeterea
212 555 336 609 domibus
346 553 488 617 flammam,
501 553 678 624 domibusque
690 555 809 610 ruinam:

108 647 159 684 neu
170 629 281 684 subeant
294 627 374 683 labris
383 627 477 698 pocula
488 629 563 700 nigra
573 627 639 682 tuis!

69 703 148 758 Solus
157 720 250 758 amans
260 703 342 768 novit,
354 700 461 774 quando
470 703 603 772 periturus
613 709 638 756 et
647 719 662 755 a
672 719 725 773 qua

107 785 203 831 morte:
215 794 300 848 neque
310 777 452 830 hioBoreae
461 775 541 830 flabra
552 793 639 847 neque
648 793 720 830 arma
730 776 814 830 timet.
844 787 870 828 to

70 854 126 906 Iam
136 851 196 904 iicet
204 857 229 904 et
237 851 329 925 Stygia
340 851 427 905 sedeat
436 850 488 905 snb
498 849 628 905 arundine
641 867 738 915 remex,

108 932 195 979 cernat
204 932 229 978 ct
239 925 354 980 infernae
365 925 447 979 tristia
457 923 515 980 vela
526 923 601 980 ratis:

71 1001 94 1052 si
104 998 182 1053 modo
192 997 329 1054 clamantis
339 999 498 1054 revocaverit
507 1016 570 1053 aura
581 998 691 1070 puellae,

108 1090 261 1127 eoncessum
272 1071 345 1128 nulla
355 1072 412 1146 lege
422 1072 518 1128 redibit
527 1073 585 1128 iter.

310 1199 329 1242 Ε
340 1201 358 1240 Ia
369 1200 388 1242 E
400 1199 441 1242 GI
452 1201 472 1242 Δ
500 1198 550 1242 XX
558 1199 577 1242 Ῑ.

72 1284 200 1362 luppiter,
212 1287 325 1342 adfectae
334 1289 439 1343 tandem
448 1291 571 1343 miserere
581 1289 695 1360 puellae;

109 1373 163 1417 tarn
172 1361 285 1416 formosa
296 1369 371 1416 tuum
382 1369 484 1416 mortua
495 1363 594 1416 crimen
604 1364 662 1417 erit.

5 1467 7 1474 a
73 1441 125 1492 Hoc
136 1436 183 1491 tibi
194 1435 236 1491 vei
246 1435 340 1506 poterit
348 1435 445 1490 coniux
457 1436 589 1508 ignoscere
599 1437 675 1491 iuno.

109 1511 252 1585 Frangitur
262 1516 287 1564 et
296 1511 371 1573 luno,
383 1510 405 1562 si
416 1527 470 1581 qua
479 1508 567 1581 puella
577 1510 652 1580 perit.

72 1587 149 1642 Venit
158 1586 230 1640 enim
239 1591 353 1656 tempus,
366 1600 420 1655 quo
429 1583 543 1638 torridus
553 1591 652 1638 aestuat
660 1601 712 1648 aer,
861 1597 872 1637 5

110 1659 203 1731 incipit
211 1666 237 1713 et
246 1659 314 1713 sicco
322 1658 421 1713 fervere
432 1667 497 1712 terra
508 1658 587 1714 Cane.

72 1733 123 1788 Sed
133 1750 186 1788 non
196 1740 249 1786 tam
260 1731 359 1787 ardoris
369 1730 446 1805 culpa
456 1739 503 1797 oet,
518 1749 604 1804 neque
614 1731 723 1785 crimina
734 1731 806 1795 coeli,

109 1824 192 1878 quarn
202 1806 276 1862 toties
284 1814 386 1862 sanctos
396 1823 449 1861 non
459 1806 584 1860 habuisse
593 1804 665 1860 deos.

72 1883 126 1936 Hoc
134 1880 220 1952 perdit
229 1881 347 1946 miseras.
359 1881 409 1936 hoc
418 1880 609 1952 perordinante,
621 1876 736 1951 puellas:

109 1956 243 2028 quidquid
252 1956 382 2021 iurarunt¹
395 1962 490 2010 vontus
499 1963 524 2010 et
532 1954 604 2009 unda
616 1954 693 2025 rapit.
845 1961 871 2004 to

72 2032 144 2084 Num
154 2031 206 2084 sibi
216 2029 336 2085 collatam
345 2029 430 2084 doluit
438 2030 527 2087 Venus
538 2029 604 2100 ipsa,
618 2025 779 2100 paremque?

112 2106 174 2158 Prae
184 2122 212 2158 se
222 2103 343 2160 formosis
354 2105 483 2159 invidiosa
493 2105 541 2158 dea
551 2111 600 2157 est.

73 2179 113 2230 An
124 2185 252 2232 contemta
261 2179 309 2232 tibi
318 2179 426 2234 Iunonis
437 2178 531 2248 templa
543 2174 681 2247 Pelasgae?

111 2248 224 2306 Palladis
236 2258 282 2306 aut
291 2251 379 2306 oculos
389 2268 453 2306 ausa
463 2267 558 2322 negare
567 2247 667 2303 bonosi

73 2324 189 2394 Semper,
201 2322 337 2389 formosae,
349 2340 402 2378 non
413 2324 494 2378 nostis
503 2339 608 2395 parcere
618 2320 715 2376 verbis.
846 2331 871 2374 15

109 2399 163 2452 Hoc
173 2397 220 2452 tibi
231 2397 322 2472 lingua
333 2414 437 2463 nocens,
449 2397 499 2452 hoc
507 2397 554 2450 tibi
564 2395 647 2451 forma
658 2393 739 2448 dedit.

73 2471 123 2526 Sed
134 2471 190 2537 tibi,
203 2480 310 2528 vexatae
320 2471 458 2544 permulta
466 2470 581 2543 pericula
592 2469 668 2534 vitae,

110 2554 226 2603 extremo
236 2547 323 2602 veniet
332 2546 435 2602 mollior
445 2546 508 2602 hora
517 2545 570 2600 die.

75 2623 100 2675 Io
111 2637 184 2676 versa
195 2631 274 2693 caput
282 2622 382 2693 primos
394 2621 542 2695 mugiverat
550 2637 646 2676 annos:

111 2694 216 2750 Corona.
684 2692 707 2748 0
