2020 3036
282 144 633 214 0100100011000.
791 149 824 200 00

129 261 247 325 eoeperat
259 252 293 308 ad
305 270 362 308 seso
375 253 451 311 Troia
463 254 531 310 ciere
543 254 627 322 viros;

91 329 168 383 Troia
184 326 266 401 (nefas
273 327 290 400 1)
302 345 443 383 eommune
454 327 605 401 sepulerum
616 327 693 382 Asiae
701 328 833 398 Europae-

604 419 647 467 ue,

130 477 206 532 Troia
223 476 312 531 virum
329 484 354 530 et
375 477 503 530 virtutum
517 420 638 530 omullrm
652 476 743 531 aoerbe
760 477 840 530 einis:
866 485 892 528 00

91 567 196 624 quaene
207 550 286 604 etiem
299 557 387 604 nostro
400 548 482 604 letum
494 549 644 605 miserabile
655 549 728 604 fratri

130 624 228 680 attulitl
243 624 291 678 Hei
303 624 399 678 misero
411 621 489 678 irater
501 623 620 695 adempte
632 625 713 679 mihil

92 701 135 754 hei
150 699 246 754 misero
258 696 331 752 fratri
344 697 491 753 iucundum
504 697 595 754 lumen
608 699 774 770 ademptum!

131 782 217 828 tecum
230 789 283 827 una
295 779 347 827 tota
359 780 398 827 est
409 781 496 828 nostre
509 771 611 844 sepulta
623 773 729 828 domus.

94 848 190 903 Omnia
200 855 287 902 tecum
301 864 353 901 una
365 847 500 920 perierunt
511 846 608 921 gaudia
621 855 717 913 nostra,
867 859 892 901 00

131 939 199 994 quae
208 930 271 976 tuus
284 921 312 975 in
325 921 378 976 vita
391 920 477 976 duleis
489 920 574 976 alebat
586 940 668 978 amor.

94 996 179 1064 Quem
192 1013 264 1051 nuno
276 1003 329 1050 tam
343 995 421 1068 louge
432 1013 485 1051 non
495 997 563 1051 inter
575 1004 635 1052 note
645 997 765 1068 sepulcra

42 1111 45 1116 -
131 1088 180 1125 neo
191 1087 271 1142 prope
284 1078 406 1143 oognatos
419 1072 594 1143 oompositum
607 1072 717 1137 eineres,

95 1145 141 1200 sed
154 1145 229 1200 Troit
239 1144 360 1207 obsoent,
376 1145 451 1201 Troia
465 1145 567 1200 infelioe
576 1145 710 1217 sepultum

132 1220 228 1274 detinet
239 1225 356 1274 extremo
367 1226 434 1274 terre
447 1219 531 1275 eliens
544 1219 608 1276 solo.
854 1231 892 1272 100

96 1294 137 1348 Ad
158 1311 240 1366 quam
265 1301 323 1348 tum
345 1311 487 1364 properans
514 1293 595 1350 lertur
617 1294 697 1349 simul
721 1295 840 1364 undique

604 1369 670 1424 uhes

133 1441 230 1498 Greeoa
243 1441 388 1513 penetrales
400 1441 547 1498 deseruisse
559 1386 637 1506 ludos,

97 1535 130 1570 ne
142 1517 214 1572 Paris
226 1515 338 1572 abducta
350 1517 460 1589 gavisus
473 1516 554 1572 libera
567 1518 674 1574 moeoha

133 1592 184 1646 otia
197 1599 287 1662 pacato
299 1591 404 1664 degeret
417 1592 444 1646 in
458 1591 583 1647 thalamo.

96 1664 724 1738 0000010000,001000010010000010,
856 1677 894 1718 100

133 1748 251 1812 ereptum
264 1748 311 1805 est,
327 1740 381 1795 vita
394 1739 499 1795 duloius
512 1748 590 1813 atque
603 1741 700 1804 anime,

96 1815 265 1888 ooniugium:
280 1822 351 1870 tanto
365 1823 388 1870 te
401 1814 544 1871 absorbens
557 1816 654 1870 vortice
666 1817 763 1870 amoris

133 1897 221 1944 aestus
234 1891 261 1944 iu
275 1890 417 1960 abruptum
431 1889 558 1944 detulerat
569 1890 736 1956 barathrum

96 1963 175 2036 quale
187 1963 274 2018 ferunt
287 1964 360 2019 Graii
372 1965 506 2019 Pheneum
519 1982 600 2037 prope
612 1965 767 2039 Cylleneum

133 2039 231 2093 siooare
242 2037 343 2093 emulsa
356 2039 456 2112 pingue
468 2039 566 2111 palude
577 2039 678 2107 solum3
856 2049 894 2090 110

96 2113 169 2187 quod
182 2113 317 2185 quondam
329 2113 411 2168 0000ἰο
424 2116 522 2169 montis
532 2114 629 2170 fodisse
641 2113 766 2169 medullis

134 2187 208 2242 audit
220 2186 374 2258 falsiparens
387 2187 646 2262 Amphitryoniades,

97 2273 213 2333 tempore
225 2279 279 2334 quo
291 2268 359 2316 oertt
370 2261 535 2390 Sffmphelie
549 2270 665 2317 monstra
677 2263 770 2336 sagitte

134 2336 254 2408 perculit,
270 2337 380 2407 irnperio
410 2337 525 2392 eterioris
538 2337 603 2400 heri,

98 2410 221 2482 pluribus
233 2418 264 2464 ut
276 2410 340 2468 eoeli
353 2418 477 2464 tereretur
489 2411 569 2466 ianua
582 2410 662 2476 divis,
858 2416 898 2458 115

135 2486 206 2540 Hebe
218 2503 267 2540 nee
279 2485 358 2558 longa
368 2484 518 2556 virginitate
530 2484 603 2540 foret.

98 2560 150 2615 Sed
162 2568 225 2615 tuus
238 2560 308 2614 altus
321 2575 394 2613 amor
407 2560 530 2614 barathro
542 2559 592 2614 luit
604 2559 678 2614 altior
691 2559 745 2622 illo,

135 2635 184 2707 qui
198 2634 297 2690 durum
309 2633 436 2689 domitam
449 2631 516 2688 lerre
529 2635 624 2707 iugum
636 2634 733 2689 doouit.
