2020 3036
252 157 463 214 CARMINUM
483 160 608 214 LIBER.
770 163 803 214 79

93 278 119 324 et
132 268 207 322 laxas
220 267 349 321 scombris
362 284 439 338 saepe
451 266 553 320 dabunt
565 269 677 322 tunicas,

55 349 141 398 Parva
154 342 205 395 mei
219 341 286 394 mihi
300 341 353 394 sint
365 341 436 395 cordi
450 342 611 395 monimenta
625 341 734 395 laboris:

95 427 121 472 at
133 414 248 488 populus
260 415 363 470 tumido
374 415 486 488 gaudeat
498 414 662 470 Antimacho.

99 543 183 587 XCV.
214 543 259 585 Al)
292 542 443 586 CALVUM
473 543 519 585 DE
549 543 758 591 QUINTILIA.

58 627 92 689 Si
106 632 256 706 quidquam
268 634 350 688 mutis
362 640 467 706 gratum
477 643 645 704 acceptumve
657 635 783 706 sepulcris

95 708 211 763 accidere
223 726 238 762 a
251 715 348 772 nostro,
364 707 452 772 Calvo,
467 706 555 763 dolore
566 717 659 780 potest,

57 801 112 856 quc
125 782 254 836 desiderio
266 789 364 838 veteres
377 799 534 838 renovamus
547 800 657 847 amores,

96 866 175 929 atque
186 856 251 912 olim
264 857 375 912 amissas
388 855 482 912 tlemus
494 857 635 912 amicitias:

57 939 125 988 certe
137 949 190 986 non
202 937 275 986 tanto
288 948 359 988 mers
372 931 512 986 immatura
525 931 608 987 dolori
622 939 662 986 est
845 947 856 986 5

95 1005 247 1072 Quintiliae,
261 1012 393 1077 quantum
405 1005 502 1079 gaudet
515 1023 602 1062 amore
614 1014 669 1062 tuo.

231 1133 330 1178 xcvi.
357 1132 396 1176 IN
425 1133 621 1178 Aeminium.

56 1215 132 1292 Non,
145 1227 180 1280 ita
194 1242 237 1279 me
248 1224 276 1279 dl
289 1231 386 1288 ament,
401 1225 546 1296 quicquam
560 1223 653 1279 referre
664 1229 765 1296 putavi,

94 1307 185 1354 utrum
198 1316 227 1354 oe
240 1317 274 1354 an
287 1298 378 1354 culum
391 1297 527 1354 olfacerem
540 1297 661 1356 Aemilio.

56 1374 100 1430 Nil
114 1373 281 1428 immundius
294 1373 353 1438 hoc,
367 1371 434 1427 nihil
448 1381 487 1426 est
499 1371 666 1437 immundius
679 1373 737 1428 illo:

93 1465 187 1504 verum
200 1447 278 1502 etiam
290 1446 367 1502 culus
380 1446 505 1502 mundior
517 1454 542 1501 et
555 1445 656 1502 melior.
813 1499 816 1502 ,,

56 1525 125 1578 Nam
138 1523 196 1576 sine
207 1521 331 1576 dentibus
343 1528 394 1576 cet:
409 1521 460 1576 hoc
468 1520 559 1577 dentes
571 1521 775 1594 sesquipedales,
844 1535 856 1576 5

92 1597 217 1671 gingivas
230 1613 291 1650 vero
303 1595 418 1666 ploxemi
431 1595 509 1650 habet
522 1596 629 1650 veteris:

56 1679 187 1741 praeterea
200 1669 305 1732 rictum,
321 1668 428 1740 qualem
440 1668 558 1724 defessus
570 1670 599 1724 in
612 1678 713 1725 aestum

92 1744 213 1801 meientis
227 1743 313 1799 mulae
325 1761 430 1798 cunnus
443 1743 539 1798 habere
550 1743 624 1799 solet.

56 1821 104 1873 Hic
115 1818 197 1873 lutuit
210 1817 316 1882 multas,
331 1825 357 1873 et
369 1835 397 1872 se
408 1815 469 1872 lacit
481 1834 538 1872 esse
551 1825 702 1882 venustum,

92 1901 118 1948 et
131 1910 185 1947 non
197 1892 309 1964 pistrino
322 1891 434 1946 traditur
443 1899 521 1964 atqim
533 1891 626 1947 asino‘.l
830 1904 855 1946 tc

54 1967 141 2033 Quem
154 1967 177 2020 si
188 1984 241 2038 qua
251 1966 364 2038 attingit,
380 1983 432 2021 non
447 1965 519 2021 illam
532 1983 608 2038 posse
617 1975 742 2038 putemus

92 2041 192 2114 aegroti
203 2040 295 2096 culum
309 2039 408 2113 lingere
420 2041 568 2095 carnificis?

223 2165 340 2210 xcvn.
368 2168 415 2212 ΔΙ)
443 2167 626 2211 VETTIUM.

54 2251 88 2313 ln
101 2266 135 2322 te,
150 2258 174 2311 si
187 2258 215 2312 in
228 2274 400 2330 quemquam,
415 2258 467 2312 dici
476 2266 544 2328 pote,
559 2258 651 2329 putide
664 2260 739 2322 Vetti,

92 2332 121 2386 id
133 2331 207 2404 quod
220 2333 337 2387 verbosis
347 2333 444 2387 dicitur
456 2337 481 2385 et
493 2330 586 2386 fatuis:

56 2408 103 2461 ista
116 2423 180 2462 cum
193 2405 294 2478 lingua,
310 2407 332 2460 si
346 2424 412 2462 usus
427 2405 513 2460 veniat
525 2405 583 2470 tibi,
597 2407 683 2477 possis

91 2480 165 2537 culce
178 2487 204 2534 et
216 2479 334 2551 crepidas
347 2480 448 2554 lingere
459 2479 616 2535 carbatines.

54 2553 82 2609 Si
95 2572 143 2610 nos
156 2554 267 2611 omnino
278 2554 320 2609 vis
332 2571 424 2609 omnes
433 2553 553 2626 perdere,
567 2555 642 2618 Vetti,
844 2563 855 2603 a

90 2629 192 2684 hisces:
208 2628 316 2684 omniuo
328 2629 401 2700 quod
412 2628 498 2698 cupis,
512 2627 618 2683 efficies.
