2040 3030
29 2661 76 2694 k

225 183 275 238 Μ
491 177 701 233 PROPERTII

262 303 316 358 qua
325 284 386 341 facit
396 285 503 340 assiduo
512 285 614 340 tramite
623 283 722 358 vulgas
732 285 789 340 iter.

226 363 286 416 Post
294 367 404 415 mortem
415 359 512 415 tumuli
521 360 560 414 sie
569 359 729 414 infamantur
738 368 886 417 amantum.

263 435 305 490 Me
314 441 383 508 tegat
391 435 498 489 arborea
506 434 583 490 devia
590 442 657 488 terra
666 451 754 504 eoma;

227 517 272 564 aut
282 510 377 564 humer
386 509 490 582 ignotae
499 507 614 564 cumulis
623 507 736 564 vallatus
745 524 847 564 arenae.

173 595 198 638 so
265 583 812 639 Noniuvatinmedianomenhaberevia.

476 710 637 754 ausula
664 709 723 754 XV.

228 793 259 858 N
260 819 321 868 une,
333 801 464 866 0Baeohe.
477 801 530 856 tuis
539 799 654 856 humiles
664 800 831 857 advolvimur
840 803 906 859 aris:

266 877 299 932 da
309 876 377 931 mihi
386 876 510 931 bacchate
519 873 576 932 vela
585 875 710 940 seuuadn,
724 883 806 947 pater.

229 952 269 1005 Tu
279 957 351 1022 potes
361 949 469 1004 insanae
478 949 586 1004 Veneris
595 967 758 1021 eompesoere
766 948 858 1015 fastris,
914 965 926 985 ·

265 1039 443 1095 curarumque
453 1031 498 1078 tuo
507 1023 537 1078 fit
545 1022 766 1080 medicinamero.

175 1112 186 1152 5
229 1100 277 1154 Per
286 1105 311 1153 te
320 1097 477 1170 iunguntur,
489 1113 536 1168 per
544 1104 569 1152 te
578 1095 718 1153 solvuntur
729 1105 858 1166 amantes:

266 1182 296 1228 tu
304 1171 401 1229 vitium
410 1189 443 1227 ex
452 1172 541 1228 animo
550 1171 631 1238 dilue,
642 1173 750 1238 uaoehe,
761 1189 829 1228 mea.

230 1248 266 1303 Te
275 1263 382 1320 quoque
391 1247 462 1302 enim
473 1247 695 1304 nonssserudem
704 1255 811 1304 testatur
821 1245 849 1302 in
859 1245 937 1301 astris
1006 1303 1007 1306 ,

267 1321 391 1397 lyncibus
401 1322 435 1378 ad
446 1321 549 1378 eoelum
558 1329 631 1378 venta
639 1321 756 1378 Ariadna
765 1321 828 1376 tuis.

231 1398 285 1452 Hoc
292 1397 369 1463 mihi,
381 1397 456 1470 quod'
464 1405 563 1452 veteres
572 1395 684 1452 custodit
694 1396 722 1450 iu
732 1395 837 1452 ossibus
849 1393 935 1467 ignes,

177 1482 202 1524 ιο
269 1469 361 1528 funera
370 1472 510 1537 sanabunt,
522 1477 568 1526 aut
576 1478 622 1528 tue
632 1470 704 1536 vina,
715 1469 826 1526 malum.

231 1545 339 1617 Semper
347 1545 419 1601 enim
429 1562 525 1602 vacuos
537 1562 590 1600 nox
599 1544 686 1600 sobria
695 1551 798 1617 torquet
810 1548 937 1608 amantes,

268 1637 381 1692 spesque
389 1619 520 1691 timorque
528 1617 976 1689 animumversatutrinquemeum.

231 1694 350 1763 Quodsi,
361 1694 469 1758 Busche,
481 1694 535 1748 tuis
544 1709 591 1766 per
600 1691 699 1748 fervida
708 1699 824 1765 tempora
833 1689 911 1748 denis

269 1769 407 1824 aeoersitus
416 1769 465 1823 erit
473 1785 584 1823 somnus
596 1767 693 1822 inesse
706 1784 778 1822 mea:

177 1854 203 1896 15
233 1842 290 1914 ipse
301 1859 387 1897 seram
396 1843 471 1906 vites,
482 1857 651 1912 pangamque
658 1857 692 1894 ex
701 1838 793 1894 ordine
802 1837 890 1902 ealles,

269 1932 337 1986 quos
346 1921 453 1984 oarpant
462 1913 559 1975 nullae,
571 1929 614 1964 me
623 1910 756 1982 vigilante.
768 1910 850 1964 ferae:

231 1987 375 2042 dummodo
383 2001 517 2055 purpureo
525 1990 649 2053 spument
658 1981 725 2035 mihi
735 1981 805 2036 dolia
816 1990 915 2048 musto,

268 2066 294 2113 et
305 2074 373 2112 nova
382 2063 529 2127 pressantes
539 2055 660 2127 inquinet
668 2071 720 2110 uva
730 2054 820 2125 pedes.

232 2131 308 2199 Quod
317 2137 436 2202 superest
446 2131 523 2197 vitae,
534 2147 581 2202 per
590 2137 615 2184 te
623 2137 648 2184 et
656 2136 816 2197 tuscorum,
827 2129 929 2199 vivam,

178 2219 204 2262 au
270 2206 429 2279 virtutisque
437 2212 506 2273 tuae,
516 2203 796 2278 Baeehqpoeiaferar.
970 2275 972 2282 Ι

232 2283 520 2357 Dieamegomaternos
529 2280 642 2338 Aetnaeo
651 2279 872 2354 fulmineum,

270 2357 360 2415 ludius
368 2357 479 2433 Nysaeis
489 2356 660 2432 armafugate
668 2355 769 2412 eboris:

234 2450 416 2506 vesanumque
425 2451 492 2490 nova
503 2433 686 2506 nequidquam
695 2431 725 2486 in
733 2430 786 2487 vite
795 2431 959 2505 Lycurgum,

271 2508 398 2564 Pentheos
408 2508 436 2562 in
445 2507 560 2581 tripliees
569 2505 660 2562 funera
670 2513 743 2580 grata
752 2521 858 2580 greges:

180 2594 207 2640 25
234 2599 370 2656 urrvaque
379 2583 529 2658 Tyrrhenos
538 2581 696 2654 delphinum
705 2596 812 2652 corpora
820 2587 914 2634 nautas

273 2659 301 2713 in
311 2658 379 2715 vada
388 2658 529 2731 pampinea
538 2656 677 2714 desiluisse
686 2661 752 2711 rate:
