2040 3030
237 173 310 238 LIB.
331 182 387 238 111.
416 181 532 236 ELEG.
552 181 634 236 XIV.
758 184 807 238 243

60 293 135 346 Prata
144 296 314 345 cruentantur
322 289 404 354 Zethi,
416 289 552 361 victorque
560 289 669 344 canebat
686 291 689 294 ’

97 381 196 436 paeana
206 363 340 437 Amphion
350 380 424 434 rupe,
435 363 593 437 Aracyntho,
606 371 661 418 tua.

60 439 94 494 At
103 447 132 494 tu
142 456 194 494 non
206 439 326 493 meritam
335 455 428 509 pareas
436 455 532 494 vexare
539 438 698 512 Lycinnam.

7 519 10 600 j
98 514 187 569 Nescit
196 521 281 568 vestra
290 529 371 567 ruens
380 513 420 566 ira
429 511 523 566 referre
532 512 637 583 pedem.

59 587 161 643 Fabula
171 587 245 643 nulla
255 586 355 644 tuasrde
364 585 560 641 nohisooneiiei
568 604 654 642 aures.
836 596 862 642 45

8 665 9 672 ’
98 663 134 717 Te
142 661 225 717 solam
236 668 262 717 et
271 660 353 735 lignis
362 660 463 717 funeris
473 669 549 716 ustus
557 679 654 716 amem.

301 789 463 834 nnumin
491 787 566 834 xlv.

59 869 126 937 Nox
136 879 232 945 media,
243 887 268 936 ei
277 879 400 936 dominae
407 882 476 936 mihi
486 883 559 937 venit
567 881 675 955 epistola
688 889 801 939 nostrae:

97 954 196 1010 Tibure
205 971 248 1011 me
257 952 332 1012 nulla
341 957 419 1012 iussit
428 957 518 1012 adesse
528 974 611 1022 mora,

59 1029 171 1086 eandida
179 1047 232 1103 qua
240 1032 360 1106 geminas
369 1032 511 1088 ostendunt
519 1032 636 1088 eulmina
649 1039 742 1099 turres,

97 1112 123 1160 et
130 1105 200 1160 cadit
208 1106 237 1161 in
247 1105 351 1178 patulos
362 1105 473 1182 lympha
483 1107 585 1162 Aniena
595 1107 677 1162 lacus.

60 1179 131 1248 Quid
140 1178 382 1235 faeiam‘iobduetis
393 1182 555 1236 committam
565 1197 642 1236 mana
652 1182 774 1247 tenebris,
850 1196 861 1236 s

97 1261 128 1309 ui
135 1254 243 1308 timeam
253 1255 365 1309 audaces
374 1255 405 1309 in
413 1272 472 1310 maa
481 1255 600 1310 membra
612 1255 727 1310 manus?

59 1329 102 1394 At,
114 1328 138 1381 si
147 1326 346 1382 distulerohaee
355 1335 443 1384 nostro
452 1328 575 1384 mandata
585 1330 686 1393 timore,

96 1409 224 1457 nocturno
232 1400 308 1457 ssatus
318 1403 419 1458 saevior
428 1403 503 1458 hosta
512 1403 590 1459 mihi.
668 1439 669 1442 ι

60 1479 196 1533 Peecaram
205 1475 296 1542 semel,
308 1485 426 1533 ettotam
435 1495 497 1532 sum
506 1477 601 1550 pulsus
611 1479 639 1533 in
649 1496 762 1534 annum:

97 1554 126 1606 in
135 1568 178 1606 me
187 1559 338 1607 mansuetas
347 1569 401 1608 non
410 1553 489 1608 habet
499 1553 543 1608 iila
556 1570 662 1609 manus.
835 1567 860 1607 ιο

59 1629 113 1680 Nee
121 1633 208 1680 tamen
218 1633 257 1680 est
265 1627 419 1698 quisquam,
430 1645 517 1683 saerns
526 1629 576 1700 qui
585 1627 669 1683 laedat
677 1637 804 1684 amantes.

96 1699 212 1754 Scironis
221 1701 322 1754 medias
332 1701 374 1755 his
384 1701 569 1758 licatirevias.

59 1773 188 1845 Quisquis
198 1782 297 1829 amator
307 1775 363 1840 erit,
376 1774 508 1850 Scythicis
515 1775 576 1832 lieet
583 1775 700 1832 ambulet
709 1778 772 1843 oris,

97 1865 175 1902 nemu
184 1847 256 1915 adeo,
268 1856 299 1903 ut
307 1855 406 1916 nonest,
418 1851 546 1906 barbarus
556 1867 614 1906 esse
621 1851 699 1907 volet.

59 1925 135 1978 Luna
144 1923 276 1978 ministrat
284 1924 565 1998 equis3demonsirant
574 1934 643 1982 asina
653 1925 781 1982 salebras:
835 1939 859 1980 15

7 2007 8 2032 ³
96 1998 153 2069 ipse
161 1996 243 2053 Amor
253 2015 374 2055 senenses
382 2001 509 2073 praecutit
518 2009 577 2056 anie
586 2000 664 2057 ianas.

58 2071 141 2126 Saeva
150 2089 247 2128 canum
256 2074 342 2130 rabies
352 2093 457 2130 morsus
467 2077 559 2131 avertit
568 2077 680 2132 hiantes.

95 2147 163 2201 Huie
171 2149 261 2220 generi
270 2151 366 2221 quovis
376 2147 491 2221 tempore
499 2158 554 2206 tuta
564 2152 608 2206 via
617 2159 665 2205 est.

57 2221 193 2294 Sanguine
202 2228 256 2276 tam
265 2240 348 2294 parvo
357 2225 420 2295 quis
431 2225 504 2278 enim
512 2232 650 2298 spargatur
660 2226 772 2280 amantis

95 2294 252 2367 improbus?
269 2295 393 2352 Exclusis
404 2297 529 2352 fituames
539 2299 595 2370 ipsa
605 2299 704 2354 Venus.
834 2311 859 2353 2⁰

57 2368 167 2436 Quodsi
178 2377 246 2425 oerta
256 2387 327 2426 meos
338 2379 509 2444 sequerentur
517 2371 609 2428 funera
619 2389 709 2441 easus3

95 2442 154 2498 talis
164 2461 236 2499 mors
245 2447 329 2518 pretia
338 2446 380 2503 vel
390 2447 425 2502 sit
436 2447 546 2502 emenda
555 2447 633 2503 mihi.

56 2517 162 2576 Adferat
170 2520 224 2574 hue
233 2529 367 2595 unguenta
377 2523 454 2588 mihi,
466 2522 595 2595 sertisque
604 2522 755 2595 sepulerum

93 2595 198 2650 ornabit
206 2604 294 2652 eustos
302 2597 336 2652 ad
345 2615 403 2652 mea
412 2598 490 2653 busta
500 2597 603 2652 sedens.
769 2599 772 2604 ’

56 2671 88 2725 Di
98 2668 203 2738 faeiem,
215 2689 273 2729 mea
284 2679 392 2729 aeterra
403 2672 536 2730 laeetessa
546 2673 684 2748 frequenti,
833 2685 859 2730 25

642 2749 693 2816 02
