2040 3030
285 166 358 221 ΗΒ.
380 166 433 220 lll.
464 166 579 222 ELEG.
600 167 647 222 Vl.
791 171 836 225 rel

7 343 8 348 ἵ
133 281 158 329 et
168 290 226 329 mee
236 271 358 332 formosis
368 275 507 348 unguibus
518 290 563 329 ore
574 283 646 328 nota:

94 357 124 404 tu
133 349 256 404 minitare
263 349 353 404 oeulos
362 350 480 405 subiecta
488 366 599 404 exurere
611 347 730 408 flemme.

132 423 240 479 laomen
250 425 360 479 rescisso
370 432 473 498 pectore
484 423 555 479 nude
564 423 636 478 sinu.

94 498 229 556 Nimirum
239 499 296 554 veri
309 497 406 553 dantur
415 499 483 553 mihi
492 515 569 572 signa
579 497 686 552 caloris:

132 591 195 629 nem
205 573 263 630 sine
275 589 364 628 amore
372 573 449 646 gravi
458 572 556 627 lemine
567 571 640 627 nulle
653 571 731 627 dolet.

93 647 168 716 Quae
177 647 274 703 mulier
283 646 374 702 rabida
385 648 461 702 laetat
470 648 588 703 eonvioie
599 647 699 720 lingue,

131 729 157 778 et
166 723 274 779 Veneris
284 739 396 796 magnae
407 721 523 778 volvitur
531 729 590 778 ante
601 723 694 793 pedes:

94 796 236 853 custodum
245 797 373 872 gregibus
383 815 430 852 seu
440 795 526 870 quum
537 815 565 852 se
574 798 653 869 stipat
662 803 778 862 euntem,

132 889 179 927 seu
192 871 313 945 sequitur
323 872 432 938 medias,
444 873 550 928 Maenas
560 880 590 927 ut
603 873 662 938 iota,
677 872 748 928 vies:

94 964 142 1003 seu
152 947 273 1002 timidam
283 947 374 1002 erebro
383 947 513 1002 dementia
523 950 625 1002 somnia
637 955 739 1014 terrent,

132 1039 179 1076 seu
190 1021 314 1078 miseram
324 1023 353 1077 in
363 1021 452 1078 tabule
462 1023 530 1094 pieta
541 1023 628 1094 puella
638 1032 737 1078 movet:

93 1096 137 1152 his
147 1114 196 1170 ego
205 1097 342 1153 tormentis
352 1097 436 1152 enimi
448 1115 509 1152 sum
519 1115 599 1154 verus
609 1115 737 1170 aruspex.

131 1172 180 1227 hes
190 1179 272 1227 oertas
282 1170 363 1226 didici
373 1187 451 1242 saepe
461 1172 489 1225 in
498 1188 585 1226 amore
595 1179 679 1228 notes,

94 1247 153 1300 Non
165 1253 205 1299 est
214 1253 282 1300 uerte
292 1245 366 1309 fides,
379 1261 463 1316 quam
472 1261 523 1298 non
535 1245 632 1300 iniuria
644 1256 738 1300 verset.

131 1319 257 1374 Hostibus
265 1318 368 1374 eveniat
378 1318 448 1372 lente
456 1316 544 1388 puelle
555 1319 635 1372 meis!

93 1396 222 1449 Immorso
232 1391 354 1464 aequales
365 1392 471 1447 videant
480 1409 537 1446 mee
548 1391 658 1449 vulnere
668 1392 748 1448 eollo:

132 1486 175 1523 me
183 1467 273 1523 dooeat
283 1465 350 1522 livor
360 1483 465 1522 meoum
475 1466 707 1522 habuissemeem.

93 1542 148 1598 Aut
156 1543 184 1598 in
193 1559 282 1598 umore
290 1540 377 1597 dolere
387 1541 456 1607 volo,
468 1549 513 1596 eut
523 1541 615 1597 eudire
623 1540 768 1598 dolentem:

131 1617 189 1673 sive
198 1635 269 1672 meas
280 1615 411 1682 lacrimas,
424 1617 481 1671 sive
492 1616 581 1672 videre
588 1624 657 1672 tuas.

94 1692 170 1746 Teota
179 1690 328 1763 superciliis
337 1691 360 1744 si
372 1691 479 1762 quando
488 1691 568 1746 verbe
581 1691 701 1755 remittis,

131 1771 177 1821 eut
186 1772 231 1820 tue
240 1781 328 1837 quum
337 1765 429 1838 digitis
440 1765 536 1836 scriptu
546 1765 646 1819 silendo
660 1772 744 1820 notes.

93 1839 144 1896 Odi
154 1857 203 1914 ego
213 1857 281 1913 quos
291 1857 431 1913 nunquam
444 1847 569 1914 pungunt
578 1839 692 1912 suspirie
705 1855 822 1896 somnos.

130 1915 238 1988 Semper
248 1916 275 1970 in
287 1915 350 1970 irate
360 1914 476 1986 pullidus
486 1933 543 1969 esse
555 1914 646 1969 velim.

92 1990 198 2046 Dulcior
208 1991 278 2064 ignis
288 1997 342 2046 erut
351 1990 448 2055 Paridi,
461 2007 547 2063 quum
557 1989 635 2045 Greia
645 2006 774 2062 perarma

130 2065 275 2140 Tyndaridi
284 2071 383 2137 poteret
392 2065 489 2138 gaudie
499 2064 566 2120 ferre
577 2082 650 2120 suae.

92 2140 161 2193 Dum
172 2140 283 2194 vincunt
292 2141 383 2205 Danai,
395 2139 461 2195 dum
472 2147 550 2194 restet
558 2138 687 2194 barbarus
697 2139 798 2204 Hector,

130 2213 175 2267 ille
184 2212 296 2268 Helenes
305 2213 334 2268 in
344 2215 445 2286 gremio
457 2215 575 2268 maxima
584 2213 651 2268 belle
662 2213 739 2286 gerit.

93 2287 146 2342 Aut
155 2294 251 2352 tecum,
264 2294 309 2341 aut
317 2303 366 2358 pro
374 2295 400 2341 te
408 2281 478 2341 mihi
486 2304 548 2342 oum
558 2286 688 2343 rivalibus
697 2305 769 2342 arma

130 2378 233 2433 semper
242 2369 333 2416 erunt:
357 2360 746 2434 intepnxmihinnllaplaoet.

93 2435 194 2502 Gaude,
210 2435 283 2508 quod
293 2434 367 2492 nulle
376 2443 415 2490 est
424 2453 506 2508 aeque
515 2435 637 2492 formose.
676 2436 789 2504 Dolores,
867 2447 893 2491 35

128 2509 302 2584 siqueloret:
324 2511 442 2566 nunosis
452 2512 641 2584 iuresuperbu‚
653 2510 721 2567 lieet.

91 2586 125 2644 m
132 2586 190 2652 tibi,
201 2586 250 2659 qui
262 2593 350 2642 nostro
359 2587 456 2642 nexisti
466 2581 612 2653 retia'leoto¹

127 2661 162 2718 sit
170 2677 244 2720 soeer
253 2668 398 2728 ueternum,
411 2677 460 2719 neo
468 2662 526 2718 sine
535 2670 618 2719 matre
627 2660 736 2718 domuel
