<?xml version="1.0" encoding="UTF-8"?>
<!DOCTYPE html PUBLIC "-//W3C//DTD XHTML 1.0 Transitional//EN"
    "http://www.w3.org/TR/xhtml1/DTD/xhtml1-transitional.dtd">
<html xmlns="http://www.w3.org/1999/xhtml" xml:lang="en" lang="en">
 <head>
  <title>
</title>
<meta http-equiv="Content-Type" content="text/html;charset=utf-8" />
  <meta name='ocr-system' content='tesseract 3.04.00' />
  <meta name='ocr-capabilities' content='ocr_page ocr_carea ocr_par ocr_line ocrx_word'/>
</head>
<body>
  <div class='ocr_page' id='page_1' title='image "./catullitibullie00propgoog_0057.png"; bbox 0 0 2030 3036; ppageno 0'>
   <div class='ocr_carea' id='block_1_1' title="bbox 196 119 649 175">
    <p class='ocr_par' dir='ltr' id='par_1_1' title="bbox 196 119 649 175">
     <span class='ocr_line' id='line_1_1' title="bbox 196 119 649 175; baseline 0 -1"><span class='ocrx_word' id='word_1_1' title='bbox 196 124 227 175; x_wconf 75' lang='lat'>42</span> <span class='ocrx_word' id='word_1_2' title='bbox 479 119 649 175; x_wconf 81' lang='lat' dir='ltr'>CATULLI</span> 
     </span>
    </p>
   </div>
   <div class='ocr_carea' id='block_1_2' title="bbox 140 226 629 358">
    <p class='ocr_par' dir='ltr' id='par_1_2' title="bbox 140 226 629 358">
     <span class='ocr_line' id='line_1_2' title="bbox 325 226 590 304; baseline 0.011 -23"><span class='ocrx_word' id='word_1_3' title='bbox 325 235 349 282; x_wconf 87' lang='lat' dir='ltr'>et</span> <span class='ocrx_word' id='word_1_4' title='bbox 361 226 515 304; x_wconf 73' lang='lat' dir='ltr'><strong>pudicitiam</strong></span> <span class='ocrx_word' id='word_1_5' title='bbox 526 245 590 284; x_wconf 78' lang='lat' dir='ltr'>suae</span> 
     </span>
     <span class='ocr_line' id='line_1_3' title="bbox 140 301 629 358; baseline 0.004 -4"><span class='ocrx_word' id='word_1_6' title='bbox 140 312 178 355; x_wconf 79' lang='lat'>225</span> <span class='ocrx_word' id='word_1_7' title='bbox 364 302 455 357; x_wconf 84' lang='lat' dir='ltr'>matris</span> <span class='ocrx_word' id='word_1_8' title='bbox 468 301 629 358; x_wconf 84' lang='lat' dir='ltr'>indieetore.</span> 
     </span>
    </p>
   </div>
   <div class='ocr_carea' id='block_1_3' title="bbox 326 408 721 778">
    <p class='ocr_par' dir='ltr' id='par_1_3' title="bbox 326 408 591 466">
     <span class='ocr_line' id='line_1_4' title="bbox 326 408 591 466; baseline 0.015 -4"><span class='ocrx_word' id='word_1_9' title='bbox 326 409 397 463; x_wconf 88' lang='lat' dir='ltr'>Talis</span> <span class='ocrx_word' id='word_1_10' title='bbox 410 408 483 465; x_wconf 87' lang='lat' dir='ltr'><strong>illius</strong></span> <span class='ocrx_word' id='word_1_11' title='bbox 495 427 510 464; x_wconf 87' lang='lat' dir='ltr'>a</span> <span class='ocrx_word' id='word_1_12' title='bbox 522 411 591 466; x_wconf 88' lang='lat' dir='ltr'>bona</span> 
     </span>
    </p>

    <p class='ocr_par' dir='ltr' id='par_1_4' title="bbox 326 483 721 557">
     <span class='ocr_line' id='line_1_5' title="bbox 326 483 721 557; baseline 0.008 -20"><span class='ocrx_word' id='word_1_13' title='bbox 326 491 408 538; x_wconf 82' lang='lat' dir='ltr'>matre</span> <span class='ocrx_word' id='word_1_14' title='bbox 421 483 478 539; x_wconf 84' lang='lat' dir='ltr'>laus</span> <span class='ocrx_word' id='word_1_15' title='bbox 491 501 576 557; x_wconf 77' lang='lat' dir='ltr'>genus</span> <span class='ocrx_word' id='word_1_16' title='bbox 589 485 721 557; x_wconf 80' lang='lat' dir='ltr'>approbet,</span> 
     </span>
    </p>

    <p class='ocr_par' dir='ltr' id='par_1_5' title="bbox 326 557 662 631">
     <span class='ocr_line' id='line_1_6' title="bbox 326 557 662 631; baseline 0.006 -19"><span class='ocrx_word' id='word_1_17' title='bbox 326 557 414 630; x_wconf 83' lang='lat' dir='ltr'>qualis</span> <span class='ocrx_word' id='word_1_18' title='bbox 428 559 505 613; x_wconf 77' lang='lat' dir='ltr'>unice</span> <span class='ocrx_word' id='word_1_19' title='bbox 518 559 551 614; x_wconf 86' lang='lat' dir='ltr'>ab</span> <span class='ocrx_word' id='word_1_20' title='bbox 563 561 662 631; x_wconf 88' lang='lat' dir='ltr'>optima</span> 
     </span>
    </p>

    <p class='ocr_par' dir='ltr' id='par_1_6' title="bbox 326 632 674 778">
     <span class='ocr_line' id='line_1_7' title="bbox 326 632 674 688; baseline 0.006 -2"><span class='ocrx_word' id='word_1_21' title='bbox 326 640 408 686; x_wconf 86' lang='lat' dir='ltr'>matre</span> <span class='ocrx_word' id='word_1_22' title='bbox 421 632 574 688; x_wconf 77' lang='lat' dir='ltr'>Telemacho</span> <span class='ocrx_word' id='word_1_23' title='bbox 586 643 674 688; x_wconf 86' lang='lat' dir='ltr'>menet</span> 
     </span>
     <span class='ocr_line' id='line_1_8' title="bbox 364 705 598 778; baseline 0.004 -19"><span class='ocrx_word' id='word_1_24' title='bbox 364 705 434 760; x_wconf 83' lang='lat' dir='ltr'>ieme</span> <span class='ocrx_word' id='word_1_25' title='bbox 447 705 598 778; x_wconf 86' lang='lat' dir='ltr'>Penelopen.</span> 
     </span>
    </p>
   </div>
   <div class='ocr_carea' id='block_1_4' title="bbox 139 812 695 1166">
    <p class='ocr_par' dir='ltr' id='par_1_7' title="bbox 139 812 695 1166">
     <span class='ocr_line' id='line_1_9' title="bbox 326 812 672 887; baseline -0.003 -19"><span class='ocrx_word' id='word_1_26' title='bbox 326 812 445 868; x_wconf 79' lang='lat' dir='ltr'><strong>Claudite</strong></span> <span class='ocrx_word' id='word_1_27' title='bbox 457 813 530 877; x_wconf 84' lang='lat' dir='ltr'>ostie,</span> <span class='ocrx_word' id='word_1_28' title='bbox 545 815 672 887; x_wconf 83' lang='lat' dir='ltr'>virgines.</span> 
     </span>
     <span class='ocr_line' id='line_1_10' title="bbox 325 888 695 952; baseline 0.003 -11"><span class='ocrx_word' id='word_1_29' title='bbox 325 888 452 942; x_wconf 90' lang='lat' dir='ltr'>Lusimus</span> <span class='ocrx_word' id='word_1_30' title='bbox 463 888 537 942; x_wconf 80' lang='lat' dir='ltr'>setis.</span> <span class='ocrx_word' id='word_1_31' title='bbox 575 888 618 952; x_wconf 79' lang='lat' dir='ltr'>At,</span> <span class='ocrx_word' id='word_1_32' title='bbox 633 888 695 942; x_wconf 86' lang='lat' dir='ltr'>beni</span> 
     </span>
     <span class='ocr_line' id='line_1_11' title="bbox 327 961 684 1034; baseline 0 -19"><span class='ocrx_word' id='word_1_33' title='bbox 327 962 460 1034; x_wconf 82' lang='lat' dir='ltr'>eoniuges,</span> <span class='ocrx_word' id='word_1_34' title='bbox 475 961 542 1016; x_wconf 88' lang='lat' dir='ltr'>bene</span> <span class='ocrx_word' id='word_1_35' title='bbox 553 963 643 1028; x_wconf 81' lang='lat' dir='ltr'>vivite,</span> <span class='ocrx_word' id='word_1_36' title='bbox 659 971 684 1016; x_wconf 92' lang='lat' dir='ltr'>et</span> 
     </span>
     <span class='ocr_line' id='line_1_12' title="bbox 326 1036 694 1092; baseline 0.003 -3"><span class='ocrx_word' id='word_1_37' title='bbox 326 1049 435 1092; x_wconf 86' lang='lat' dir='ltr'>munere</span> <span class='ocrx_word' id='word_1_38' title='bbox 448 1036 553 1092; x_wconf 80' lang='lat' dir='ltr'><strong>assiduo</strong></span> <span class='ocrx_word' id='word_1_39' title='bbox 566 1036 694 1092; x_wconf 81' lang='lat' dir='ltr'>valentem</span> 
     </span>
     <span class='ocr_line' id='line_1_13' title="bbox 139 1112 636 1166; baseline 0.01 -4"><span class='ocrx_word' id='word_1_40' title='bbox 139 1119 177 1162; x_wconf 78' lang='lat'>235</span> <span class='ocrx_word' id='word_1_41' title='bbox 363 1118 478 1165; x_wconf 76' lang='lat' dir='ltr'>exercete</span> <span class='ocrx_word' id='word_1_42' title='bbox 490 1112 636 1166; x_wconf 68' lang='lat' dir='ltr'>iuventam.</span> 
     </span>
    </p>
   </div>
   <div class='ocr_carea' id='block_1_5' title="bbox 324 1253 803 1300">
    <p class='ocr_par' dir='ltr' id='par_1_8' title="bbox 324 1253 803 1300">
     <span class='ocr_line' id='line_1_14' title="bbox 324 1253 803 1300; baseline 0.002 -4"><span class='ocrx_word' id='word_1_43' title='bbox 324 1253 803 1300; x_wconf 69' lang='lat' dir='ltr'>exn.caumENNUPT1auu</span> 
     </span>
    </p>
   </div>
   <div class='ocr_carea' id='block_1_6' title="bbox 230 1355 942 1502">
    <p class='ocr_par' dir='ltr' id='par_1_9' title="bbox 230 1355 942 1502">
     <span class='ocr_line' id='line_1_15' title="bbox 494 1355 636 1400; baseline 0 -2"><span class='ocrx_word' id='word_1_44' title='bbox 494 1355 636 1400; x_wconf 69' lang='lat' dir='ltr'>luvrnne</span> 
     </span>
     <span class='ocr_line' id='line_1_16' title="bbox 230 1417 942 1502; baseline 0.006 -22"><span class='ocrx_word' id='word_1_45' title='bbox 230 1417 942 1502; x_wconf 69' lang='lat' dir='ltr'>Vesperadestziuvenee,eonsurgitezVesperOlympo</span> 
     </span>
    </p>
   </div>
   <div class='ocr_carea' id='block_1_7' title="bbox 139 1499 938 1800">
    <p class='ocr_par' dir='ltr' id='par_1_10' title="bbox 192 1499 938 1723">
     <span class='ocr_line' id='line_1_17' title="bbox 192 1499 764 1572; baseline 0 -18"><span class='ocrx_word' id='word_1_46' title='bbox 192 1509 337 1572; x_wconf 73' lang='lat' dir='ltr'>exspectata</span> <span class='ocrx_word' id='word_1_47' title='bbox 347 1500 393 1555; x_wconf 91' lang='lat' dir='ltr'>diu</span> <span class='ocrx_word' id='word_1_48' title='bbox 404 1502 451 1555; x_wconf 85' lang='lat' dir='ltr'>vix</span> <span class='ocrx_word' id='word_1_49' title='bbox 461 1501 565 1556; x_wconf 87' lang='lat' dir='ltr'>tandem</span> <span class='ocrx_word' id='word_1_50' title='bbox 576 1500 679 1555; x_wconf 85' lang='lat' dir='ltr'>lumina</span> <span class='ocrx_word' id='word_1_51' title='bbox 687 1499 764 1555; x_wconf 80' lang='lat' dir='ltr'>tollit.</span> 
     </span>
     <span class='ocr_line' id='line_1_18' title="bbox 193 1574 938 1648; baseline 0.007 -19"><span class='ocrx_word' id='word_1_52' title='bbox 193 1575 304 1646; x_wconf 84' lang='lat' dir='ltr'>Surgere</span> <span class='ocrx_word' id='word_1_53' title='bbox 314 1575 367 1630; x_wconf 81' lang='lat' dir='ltr'>iam</span> <span class='ocrx_word' id='word_1_54' title='bbox 376 1581 490 1647; x_wconf 85' lang='lat' dir='ltr'>tempus,</span> <span class='ocrx_word' id='word_1_55' title='bbox 500 1576 554 1630; x_wconf 87' lang='lat' dir='ltr'>iam</span> <span class='ocrx_word' id='word_1_56' title='bbox 563 1575 677 1648; x_wconf 85' lang='lat' dir='ltr'><strong>pingues</strong></span> <span class='ocrx_word' id='word_1_57' title='bbox 690 1574 809 1647; x_wconf 84' lang='lat' dir='ltr'>linquere</span> <span class='ocrx_word' id='word_1_58' title='bbox 817 1593 938 1634; x_wconf 78' lang='lat' dir='ltr'>mensus:</span> 
     </span>
     <span class='ocr_line' id='line_1_19' title="bbox 193 1648 801 1723; baseline 0.002 -21"><span class='ocrx_word' id='word_1_59' title='bbox 193 1650 246 1704; x_wconf 81' lang='lat' dir='ltr'>iam</span> <span class='ocrx_word' id='word_1_60' title='bbox 259 1648 343 1704; x_wconf 83' lang='lat' dir='ltr'>veniet</span> <span class='ocrx_word' id='word_1_61' title='bbox 353 1648 437 1723; x_wconf 78' lang='lat' dir='ltr'>virge,</span> <span class='ocrx_word' id='word_1_62' title='bbox 450 1650 504 1704; x_wconf 83' lang='lat' dir='ltr'>iam</span> <span class='ocrx_word' id='word_1_63' title='bbox 514 1649 614 1704; x_wconf 88' lang='lat' dir='ltr'>dieetur</span> <span class='ocrx_word' id='word_1_64' title='bbox 624 1651 801 1723; x_wconf 77' lang='lat' dir='ltr'>Hymenaeus.</span> 
     </span>
    </p>

    <p class='ocr_par' dir='ltr' id='par_1_11' title="bbox 139 1724 868 1800">
     <span class='ocr_line' id='line_1_20' title="bbox 139 1724 868 1800; baseline 0.007 -26"><span class='ocrx_word' id='word_1_65' title='bbox 139 1735 149 1774; x_wconf 74' lang='lat'>5</span> <span class='ocrx_word' id='word_1_66' title='bbox 192 1724 295 1796; x_wconf 82' lang='lat' dir='ltr'>Hymen</span> <span class='ocrx_word' id='word_1_67' title='bbox 306 1724 487 1798; x_wconf 84' lang='lat' dir='ltr'>oiiymenaee,</span> <span class='ocrx_word' id='word_1_68' title='bbox 500 1725 603 1800; x_wconf 85' lang='lat' dir='ltr'>Hymen</span> <span class='ocrx_word' id='word_1_69' title='bbox 614 1724 676 1779; x_wconf 86' lang='lat' dir='ltr'>ades</span> <span class='ocrx_word' id='word_1_70' title='bbox 685 1741 702 1780; x_wconf 90' lang='grc' dir='ltr'>ο</span> <span class='ocrx_word' id='word_1_71' title='bbox 710 1726 868 1798; x_wconf 86' lang='lat' dir='ltr'>Hymenaee.</span> 
     </span>
    </p>
   </div>
   <div class='ocr_carea' id='block_1_8' title="bbox 488 1832 638 1874">
    <p class='ocr_par' dir='ltr' id='par_1_12' title="bbox 488 1832 638 1874">
     <span class='ocr_line' id='line_1_21' title="bbox 488 1832 638 1874; baseline 0 0"><span class='ocrx_word' id='word_1_72' title='bbox 488 1832 638 1874; x_wconf 74' lang='lat' dir='ltr'>Puram.</span> 
     </span>
    </p>
   </div>
   <div class='ocr_carea' id='block_1_9' title="bbox 139 1903 922 2274">
    <p class='ocr_par' dir='ltr' id='par_1_13' title="bbox 192 1903 918 2123">
     <span class='ocr_line' id='line_1_22' title="bbox 229 1903 918 1978; baseline 0.006 -21"><span class='ocrx_word' id='word_1_73' title='bbox 229 1903 350 1970; x_wconf 85' lang='lat' dir='ltr'>Cernitis,</span> <span class='ocrx_word' id='word_1_74' title='bbox 363 1905 497 1976; x_wconf 77' lang='lat' dir='ltr'>innuptae,</span> <span class='ocrx_word' id='word_1_75' title='bbox 509 1904 637 1959; x_wconf 75' lang='lat' dir='ltr'>iuvenes?</span> <span class='ocrx_word' id='word_1_76' title='bbox 654 1904 811 1978; x_wconf 77' lang='lat' dir='ltr'>consurgite</span> <span class='ocrx_word' id='word_1_77' title='bbox 819 1913 918 1961; x_wconf 82' lang='lat' dir='ltr'>eontra.</span> 
     </span>
     <span class='ocr_line' id='line_1_23' title="bbox 193 1975 782 2049; baseline -0.005 -17"><span class='ocrx_word' id='word_1_78' title='bbox 193 1978 326 2033; x_wconf 90' lang='lat' dir='ltr'>Nimirum</span> <span class='ocrx_word' id='word_1_79' title='bbox 337 1978 443 2034; x_wconf 86' lang='lat' dir='ltr'>Oetaeos</span> <span class='ocrx_word' id='word_1_80' title='bbox 452 1976 565 2032; x_wconf 83' lang='lat' dir='ltr'>ostendit</span> <span class='ocrx_word' id='word_1_81' title='bbox 574 1975 687 2031; x_wconf 77' lang='lat' dir='ltr'>Noctifer</span> <span class='ocrx_word' id='word_1_82' title='bbox 697 1977 782 2049; x_wconf 80' lang='lat' dir='ltr'>ignes.</span> 
     </span>
     <span class='ocr_line' id='line_1_24' title="bbox 192 2049 774 2123; baseline -0.003 -17"><span class='ocrx_word' id='word_1_83' title='bbox 192 2051 325 2107; x_wconf 86' lang='lat' dir='ltr'>Sieeerte:</span> <span class='ocrx_word' id='word_1_84' title='bbox 347 2051 432 2106; x_wconf 87' lang='lat' dir='ltr'>viden&#39;</span> <span class='ocrx_word' id='word_1_85' title='bbox 442 2059 472 2106; x_wconf 89' lang='lat' dir='ltr'>ut</span> <span class='ocrx_word' id='word_1_86' title='bbox 480 2051 619 2123; x_wconf 75' lang='lat' dir='ltr'>perniciter</span> <span class='ocrx_word' id='word_1_87' title='bbox 627 2049 774 2106; x_wconf 76' lang='lat' dir='ltr'>exsiluere?</span> 
     </span>
    </p>

    <p class='ocr_par' dir='ltr' id='par_1_14' title="bbox 139 2124 922 2274">
     <span class='ocr_line' id='line_1_25' title="bbox 192 2124 922 2197; baseline 0.003 -17"><span class='ocrx_word' id='word_1_88' title='bbox 192 2128 251 2181; x_wconf 89' lang='lat' dir='ltr'>Non</span> <span class='ocrx_word' id='word_1_89' title='bbox 260 2132 356 2181; x_wconf 88' lang='lat' dir='ltr'>temere</span> <span class='ocrx_word' id='word_1_90' title='bbox 364 2124 506 2180; x_wconf 84' lang='lat' dir='ltr'>exsiluere:</span> <span class='ocrx_word' id='word_1_91' title='bbox 527 2133 629 2191; x_wconf 85' lang='lat' dir='ltr'>eanent,</span> <span class='ocrx_word' id='word_1_92' title='bbox 641 2124 714 2196; x_wconf 87' lang='lat' dir='ltr'><strong>quod</strong></span> <span class='ocrx_word' id='word_1_93' title='bbox 723 2125 808 2181; x_wconf 84' lang='lat' dir='ltr'>visere</span> <span class='ocrx_word' id='word_1_94' title='bbox 817 2142 865 2197; x_wconf 84' lang='lat' dir='ltr'>per</span> <span class='ocrx_word' id='word_1_95' title='bbox 874 2138 922 2182; x_wconf 87' lang='lat' dir='ltr'>est.</span> 
     </span>
     <span class='ocr_line' id='line_1_26' title="bbox 139 2198 870 2274; baseline 0.004 -23"><span class='ocrx_word' id='word_1_96' title='bbox 139 2211 164 2252; x_wconf 77' lang='grc' dir='ltr'>ιο</span> <span class='ocrx_word' id='word_1_97' title='bbox 194 2200 490 2274; x_wconf 86' lang='lat' dir='ltr'>HymenoHymeuaee,</span> <span class='ocrx_word' id='word_1_98' title='bbox 502 2201 606 2274; x_wconf 89' lang='lat' dir='ltr'>Hymen</span> <span class='ocrx_word' id='word_1_99' title='bbox 616 2198 870 2274; x_wconf 82' lang='lat' dir='ltr'>adesoHymenaee</span> 
     </span>
    </p>
   </div>
   <div class='ocr_carea' id='block_1_10' title="bbox 496 2305 636 2351">
    <p class='ocr_par' dir='ltr' id='par_1_15' title="bbox 496 2305 636 2351">
     <span class='ocr_line' id='line_1_27' title="bbox 496 2305 636 2351; baseline -0.014 -1"><span class='ocrx_word' id='word_1_100' title='bbox 496 2305 636 2351; x_wconf 71' lang='lat' dir='ltr'>invertas.</span> 
     </span>
    </p>
   </div>
   <div class='ocr_carea' id='block_1_11' title="bbox 192 2379 935 2662">
    <p class='ocr_par' dir='ltr' id='par_1_16' title="bbox 192 2379 935 2662">
     <span class='ocr_line' id='line_1_28' title="bbox 230 2379 875 2454; baseline 0 -20"><span class='ocrx_word' id='word_1_101' title='bbox 230 2382 288 2435; x_wconf 90' lang='lat' dir='ltr'>Non</span> <span class='ocrx_word' id='word_1_102' title='bbox 298 2379 381 2436; x_wconf 80' lang='lat' dir='ltr'>facilis</span> <span class='ocrx_word' id='word_1_103' title='bbox 391 2382 476 2448; x_wconf 87' lang='lat' dir='ltr'>nobis,</span> <span class='ocrx_word' id='word_1_104' title='bbox 489 2379 619 2454; x_wconf 63' lang='lat' dir='ltr'>aequalem,</span> <span class='ocrx_word' id='word_1_105' title='bbox 632 2379 720 2454; x_wconf 84' lang='lat' dir='ltr'>palma</span> <span class='ocrx_word' id='word_1_106' title='bbox 730 2389 819 2453; x_wconf 80' lang='lat' dir='ltr'>parete</span> <span class='ocrx_word' id='word_1_107' title='bbox 828 2390 875 2435; x_wconf 76' lang='lat' dir='ltr'>eet.</span> 
     </span>
     <span class='ocr_line' id='line_1_29' title="bbox 192 2453 881 2528; baseline 0 -20"><span class='ocrx_word' id='word_1_108' title='bbox 192 2453 316 2526; x_wconf 79' lang='lat' dir='ltr'>Aspicite,</span> <span class='ocrx_word' id='word_1_109' title='bbox 329 2457 455 2528; x_wconf 85' lang='lat' dir='ltr'>innuptae</span> <span class='ocrx_word' id='word_1_110' title='bbox 464 2474 554 2512; x_wconf 86' lang='lat' dir='ltr'>seeum</span> <span class='ocrx_word' id='word_1_111' title='bbox 563 2463 594 2511; x_wconf 86' lang='lat' dir='ltr'>ut</span> <span class='ocrx_word' id='word_1_112' title='bbox 602 2456 725 2511; x_wconf 81' lang='lat' dir='ltr'>meditata</span> <span class='ocrx_word' id='word_1_113' title='bbox 734 2456 881 2528; x_wconf 84' lang='lat' dir='ltr'>requirunt.</span> 
     </span>
     <span class='ocr_line' id='line_1_30' title="bbox 193 2528 935 2662; baseline 0.003 -78"><span class='ocrx_word' id='word_1_114' title='bbox 193 2531 250 2584; x_wconf 91' lang='lat' dir='ltr'>Non</span> <span class='ocrx_word' id='word_1_115' title='bbox 265 2528 360 2586; x_wconf 84' lang='lat' dir='ltr'>frustra</span> <span class='ocrx_word' id='word_1_116' title='bbox 375 2530 546 2588; x_wconf 75' lang='lat' dir='ltr'>meditantem:</span> <span class='ocrx_word' id='word_1_117' title='bbox 567 2531 664 2588; x_wconf 82' lang='lat' dir='ltr'>hahent</span> <span class='ocrx_word' id='word_1_118' title='bbox 678 2529 847 2662; x_wconf 52' lang='lat' dir='ltr'>rytiymorabile</span> <span class='ocrx_word' id='word_1_119' title='bbox 865 2531 935 2601; x_wconf 88' lang='lat' dir='ltr'>quod</span> 
     </span>
    </p>
   </div>
   <div class='ocr_carea' id='block_1_12' title="bbox 0 0 1026 3036">
    <p class='ocr_par' dir='ltr' id='par_1_17' title="bbox 0 0 1026 3036">
     <span class='ocr_line' id='line_1_31' title="bbox 0 0 1026 3036; baseline 0 0"><span class='ocrx_word' id='word_1_120' title='bbox 0 0 1026 3036; x_wconf 95' lang='lat' dir='ltr'> </span> 
     </span>
    </p>
   </div>
  </div>
 </body>
</html>
