2030 3040
277 173 349 228 Lttt.
369 173 425 228 lll.
457 171 571 227 ELEG.
592 173 642 229 1v.
783 177 826 228 ret

127 297 176 336 neo
185 279 258 336 laesit
268 297 378 354 magnos
387 280 469 351 impia
479 279 571 353 lingua
579 279 651 336 deos.

88 357 146 411 lam
155 357 214 410 Nox
223 355 368 410 aetherium
378 354 463 428 nigris
472 371 578 409 emensa
588 353 725 428 quadrigis

127 429 259 485 mundum
269 428 387 485 caeruleo
396 428 493 484 laverat
501 445 579 484 amne
588 435 665 492 rotas,

89 521 139 559 nee
147 519 190 558 me
200 505 320 576 sopierat,
332 503 414 558 menti
422 502 488 557 deus
497 502 572 556 utilis
581 519 681 576 aegrae,

57 598 67 613 ⁶
128 578 255 646 Somnus;
277 575 563 632 sollicitasdeficitente
572 575 672 631 domos.
860 590 886 632 to

90 652 216 717 Tandem,
228 669 314 724 quum
324 668 430 706 summo
439 651 560 706 Phoebus
569 653 704 721 prospexit
713 651 747 706 ab
756 662 824 719 ortu,

127 727 222 797 pressit
231 725 380 800 languentis
390 725 492 780 lumina
500 742 557 780 sera
567 724 652 797 quies.

90 801 139 854 llic
148 801 260 866 iuvenis,
272 807 341 855 easta
351 799 487 854 redimitus
495 807 610 870 tempora
621 798 705 864 lauro,

127 882 166 929 est
177 875 250 930 visus
259 881 346 930 nostra
355 891 451 946 ponere
460 873 521 930 sede
530 873 633 945 pedem.

90 949 149 1004 Non
159 948 205 1004 illo
213 949 361 1021 quidquam
370 947 510 1004 formosius
522 947 575 1002 ulla
586 948 704 1020 priorum

127 1030 205 1088 aetas,
215 1023 365 1078 humanum
375 1041 423 1079 neo
432 1023 503 1078 videt
512 1022 580 1078 illud
588 1040 665 1095 opus.

91 1097 189 1152 Intonsi
199 1098 283 1152 crines
294 1097 370 1171 longa
380 1098 480 1154 servies
488 1097 612 1162 fluebant,

128 1171 240 1226 stillabat
249 1171 326 1246 Syrio
335 1179 437 1245 myrtee
446 1187 503 1226 rore
512 1189 595 1226 ooma.

90 1237 192 1301 Candor
202 1253 264 1310 erat,
275 1245 382 1318 qualem
391 1244 502 1317 praefert
513 1245 620 1300 Latonia
629 1246 714 1310 Luna,

126 1327 152 1374 et
159 1320 229 1378 oolor
237 1320 266 1374 in
276 1320 354 1374 niveo
362 1335 469 1390 corpore
477 1334 636 1388 purpureus,

89 1401 120 1448 ut
129 1393 218 1449 iuveni
227 1393 346 1464 primum
357 1393 432 1465 virgo
440 1390 551 1446 deducta
559 1393 654 1448 marito

126 1468 243 1523 inficitur
251 1474 362 1532 teneras,
382 1466 555 1530 0111111111ιὶ1Ἰ
562 1483 655 1540 genas:
740 1473 746 1482 “

89 1549 120 1597 ut
128 1559 213 1614 quum
223 1548 365 1597 oontexunt
373 1540 532 1596 amaranthis
542 1540 600 1595 elba
609 1542 715 1613 puellae

128 1615 196 1670 lilia:
218 1624 248 1670 ut
258 1623 386 1671 sutrnnno
394 1615 505 1670 eandida
514 1614 583 1669 mala
593 1618 697 1673 rubent.

90 1693 145 1746 lma
155 1688 293 1744 videbatur
303 1689 363 1744 talis
372 1688 483 1743 illudere
490 1687 573 1758 palla;

127 1779 243 1834 namque
254 1762 318 1816 haee
325 1763 354 1817 in
364 1761 448 1816 nitido
457 1777 562 1832 oorpore
571 1765 651 1818 vestis
660 1773 723 1820 erat.

88 1836 161 1892 Artis
170 1852 237 1907 opus
246 1853 327 1901 rarae,
339 1835 444 1910 fulgens
453 1835 585 1891 testudine
595 1844 621 1892 et
629 1855 705 1904 euro,

125 1910 255 1982 pendebat
264 1909 336 1967 laeva
346 1909 453 1986 garrula
460 1917 534 1982 parte
543 1909 610 1985 lyra

89 1986 161 2040 liano
170 1986 289 2058 primum
297 1987 406 2042 ueniens
414 1985 790 2058 pbemnoddmmm

125 2058 214 2115 leliees
221 2067 366 2117 eentosore
375 2070 483 2117 sonante
491 2060 572 2116 dedit.

88 2133 140 2188 Sed
149 2142 288 2208 postquem
297 2134 400 2192 fuerant
407 2135 484 2210 digiti
496 2153 558 2190 oram
567 2153 631 2192 vooe
640 2137 729 2203 loouti,

125 2208 207 2262 edidit
214 2209 279 2264 heeo
287 2208 359 2264 dulei
368 2210 452 2266 tristia
459 2210 540 2265 verba
549 2211 640 2267 modo:

88 2281 191 2346 »Salve
202 2299 264 2336 oure
274 2281 366 2350 deum3
382 2290 452 2337 nasto
461 2300 523 2337 nem
533 2284 581 2338 rite
589 2292 678 2355 poetae

125 2355 299 2427 Phoebusque
308 2363 333 2410 et
340 2356 457 2410 Baoobus
466 2355 634 2428 Pieridesque
641 2356 739 2413 lavent.

11 2497 14 2504 1
87 2428 139 2486 Sed
145 2428 233 2502 proles
241 2428 355 2484 Semeles
364 2429 481 2485 Baeehus
493 2429 635 2503 dootaeque
643 2449 743 2488 sorores

124 2503 209 2559 dioere
220 2521 273 2559 non
282 2511 387 2570 norunt,
402 2503 469 2577 quid
477 2503 542 2559 leret
551 2504 614 2560 here
623 2523 745 2578 sequens.

86 2578 196 2633 Armini
206 2577 317 2634 latorum
328 2578 398 2653 leges
410 2579 521 2652 aevique
529 2577 612 2635 futuri

124 2661 246 2710 eventura
256 2661 328 2726 pater
336 2671 413 2727 posse
423 2654 511 2710 videre
523 2654 603 2710 dedit.

671 2747 717 2803 12
