2030 3040
159 715 363 782 ALBII
426 719 730 786 TIBULLl

320 871 578 932 LIBERHI.

339 1217 500 1260 unum
528 1217 547 1260 1.

74 1296 173 1361 Martis
182 1306 294 1362 Romani
304 1306 383 1362 festae
393 1323 487 1362 venere
496 1305 636 1375 Kalendae,

111 1380 242 1453 (exoriens
252 1382 349 1437 nostris
358 1381 422 1436 hino
431 1379 482 1436 fuit
491 1399 578 1436 annus
588 1382 658 1455 avis)

73 1463 99 1509 et
108 1471 175 1527 vaga
184 1473 256 1510 nune
264 1463 332 1510 aeria
341 1455 495 1510 discurrunt
504 1455 623 1527 undique
631 1473 728 1529 pompa

110 1545 209 1600 perque
218 1530 275 1584 vias
285 1530 361 1586 urbis
370 1547 480 1586 munera
489 1545 589 1602 perque
601 1529 702 1585 domos.

73 1602 163 1668 Dicite,
174 1603 299 1669 Pierides,
311 1621 427 1676 quonam
437 1605 548 1660 donetur
560 1603 658 1659 honore

111 1693 158 1730 seu
168 1691 234 1742 mea,
246 1695 294 1733 seu
303 1678 387 1744 fallor,
399 1696 458 1733 cara
466 1681 564 1734 Neaera
573 1685 671 1732 tamen.

73 1750 197 1805 Carmine
205 1749 341 1817 formosae,
352 1753 435 1824 pretio
444 1752 584 1824 capiuntur
594 1768 700 1806 avarae:

111 1823 231 1896 gaudeat,
243 1831 273 1880 ut
281 1824 362 1900 digna
372 1836 420 1891 est,
433 1826 553 1881 versibus
565 1824 610 1880 illa
620 1826 696 1878 meis.

72 1898 155 1953 Lutea
165 1897 211 1952 sed
220 1899 328 1956 niveum
338 1899 457 1958 involvat
465 1900 618 1954 membrana
628 1898 758 1960 libellum.

110 1988 210 2042 pumex
218 1980 242 2027 et
251 1990 329 2029 cauas
336 1974 440 2030 tondeat
448 1980 508 2029 ante
516 1991 617 2043 eomas3
847 1984 872 2025 1⁰

71 2063 231 2118 summaque
239 2055 371 2118 praetexat
379 2048 467 2103 tenuis
476 2048 580 2122 fastigia
592 2049 704 2111 chartae,

110 2119 208 2175 indicet
216 2129 246 2176 ut
254 2138 349 2177 nomen
360 2121 434 2176 litera
442 2121 508 2177 faeta
518 2139 622 2190 meum;

71 2201 152 2266 atque
160 2195 228 2248 inter
236 2195 356 2266 geminas
364 2195 508 2268 pingantur
517 2212 614 2250 eornua
623 2195 734 2250 frontes:

109 2268 149 2322 sie
157 2268 254 2322 etenim
263 2275 379 2322 eomtum
389 2269 490 2322 mittere
499 2275 597 2338 oportet
606 2285 683 2338 opus.

69 2343 129 2406 Per,
142 2358 199 2404 vos,
212 2347 329 2395 auctores
339 2340 421 2394 huius
430 2340 499 2393 mihi
508 2341 641 2404 carminis,
653 2357 707 2405 oro,
847 2352 871 2393 15

108 2413 304 2485 Castaliamque
312 2413 437 2468 umbram
445 2412 596 2484 Pieriosque
606 2413 687 2479 lanus,

67 2490 105 2544 ite
115 2488 236 2553 domum,
248 2486 404 2560 uultumque
413 2485 453 2541 illi
462 2486 556 2542 donate
564 2486 693 2552 libellum,

107 2562 248 2629 sicutenim
270 2559 624 2617 nullusdefluatindeeolor.

68 2636 119 2693 Illa
128 2636 197 2693 mihi
207 2635 307 2703 referet,
318 2636 342 2692 ei
353 2635 435 2692 nostri
444 2643 536 2692 mutua
545 2651 608 2690 eura
617 2641 664 2699 est,
