2030 3036
189 148 203 198 4

474 143 645 198 CATULLI

224 250 263 322 (ut
275 250 426 305 solsticium
439 251 481 304 sui
494 250 605 306 doloris:

226 325 311 389 crede,
327 333 357 378 ut
368 325 458 397 gravis
471 327 620 396 acquiescat
632 326 708 380 ardor
716 327 732 396 .)

228 407 312 454 tecum
327 398 425 464 ludere,
440 400 587 472 sicutipse,
603 418 688 471 posse,

226 481 251 526 et
263 474 343 527 tristis
357 475 438 528 animi
453 474 539 530 levare
553 493 638 540 curas,

226 556 280 602 tam
292 556 395 620 gratum
410 558 449 603 est
462 550 538 615 mihi,
554 568 635 622 quam
649 549 736 604 ferunt
749 549 851 620 puellae

226 623 326 693 pernici
339 624 476 678 aureolum
489 623 570 678 fuisse
583 625 693 688 maium,

226 693 298 768 quod
311 714 404 752 zonam
417 697 497 752 soluit
508 699 554 752 diu
568 699 685 771 ligatam.

250 825 301 868 111.
327 825 475 868 succus
490 805 528 870 iu
545 826 671 870 ussus
687 825 875 869 messius.

261 909 376 990 Lugete
391 936 407 973 ο
423 919 531 972 Veneres
544 916 751 988 Cupidinesque,

224 1000 248 1046 et
260 1000 392 1064 quantum
404 1000 442 1046 est
455 993 595 1046 hominum
608 992 805 1046 venustiorum:

225 1085 315 1138 passer
328 1075 448 1121 mortuus
461 1074 500 1121 est
512 1083 584 1121 mese
598 1064 708 1136 puellae,

223 1159 321 1213 passer,
336 1141 443 1196 deliciae
456 1159 528 1197 meae
538 1139 649 1213 puellae,

223 1233 303 1289 quem
315 1216 377 1288 plus
391 1215 435 1270 illa
448 1215 531 1271 oculis
544 1216 601 1270 suis
614 1215 726 1270 amabat.

225 1293 292 1346 Nam
305 1291 420 1346 mellitus
433 1299 495 1357 erat,
510 1307 640 1362 suamque
653 1297 727 1344 noret

225 1368 282 1436 ipsa
295 1374 349 1420 tem
362 1367 429 1422 bene
442 1385 524 1439 quam
537 1365 624 1438 puella
637 1373 761 1419 matrem:

224 1458 271 1495 nec
283 1459 340 1495 sese
352 1459 367 1495 a
379 1443 480 1514 gremio
493 1441 565 1495 iliius
579 1441 708 1502 movebat,

223 1515 270 1569 sed
282 1515 474 1570 circumsiliens
488 1513 566 1568 medo
578 1513 631 1566 huc
644 1512 721 1566 medo
730 1510 802 1574 illuc,

223 1589 257 1644 sd
269 1589 351 1643 sciam
365 1589 500 1643 dominam
514 1603 600 1659 usque
612 1585 748 1657 pipilabat.

222 1663 273 1730 Qui
288 1680 360 1717 nunc
373 1664 392 1716 ii
403 1680 451 1734 per
464 1663 511 1717 iter
522 1660 714 1716 tenebricosum

222 1738 295 1802 illue,
310 1737 381 1792 unde
394 1745 490 1812 negent
501 1735 586 1791 redire
598 1749 771 1806 quemquem.

223 1813 256 1866 At
269 1813 344 1867 vobis
358 1811 425 1866 male
438 1813 480 1876 sit,
496 1811 581 1866 malae
591 1809 711 1864 tenebrae

222 1887 291 1951 Orci,
306 1904 374 1958 quae
386 1888 475 1941 omnia
487 1885 555 1940 bella
568 1883 713 1938 devoratis:

145 1975 152 2013 2·
222 1971 275 2015 tam
288 1960 388 2014 bellum
402 1961 467 2014 mihi
480 1976 612 2030 passerem
625 1955 779 2012 abstulistis.

222 2035 244 2090 Ο
258 2034 353 2088 iactum
367 2034 448 2089 maie!
469 2051 485 2089 c
498 2033 598 2088 miselle
611 2033 712 2104 passer!

223 2119 265 2162 tua
280 2126 439 2179 nuncupere
453 2126 525 2162 meae
538 2108 640 2180 puellae

222 2183 307 2238 flendo
319 2183 447 2256 turgiduli
461 2183 555 2238 rubent
566 2182 651 2238 ocelli.

323 2312 370 2356 lv.
393 2311 600 2356 nunlcfflu
621 2307 789 2353 Passum.

256 2396 388 2459 Phaselus
402 2403 454 2470 iile,
470 2421 551 2476 quem
565 2403 668 2467 videtis,
683 2402 810 2472 hospites,

222 2480 257 2535 cit
270 2478 351 2534 fuisse
364 2480 473 2534 navium
485 2478 647 2542 celerrimus

222 2572 308 2629 neque
320 2553 402 2609 ullius
416 2555 529 2610 natantis
542 2555 670 2625 impetum
683 2550 765 2605 trabis

221 2631 345 2705 nequisse
357 2631 504 2703 praeterire,
519 2630 576 2684 sive
588 2627 714 2702 palmulis
