2040 3030
198 135 247 188 228
397 167 400 174 ·
463 132 676 188 PROPERTll

234 239 365 294 Staminea
375 241 481 295 rhombi
489 240 596 295 ducitur
605 239 649 294 ille
659 247 724 294 reta.

117 377 121 384 Ι
198 312 277 367 lllum
287 315 416 388 turgentis
426 333 505 370 rauce
515 321 633 386 portenta
643 315 749 370 rubetae

234 395 260 441 et
269 386 333 442 lecta
342 389 453 444 exsectis
463 389 597 462 anguibus
606 405 665 443 ossa
677 390 798 445 trahunt:

198 463 322 535 etstrigis
332 463 453 518 inventae
462 480 508 535 per
517 464 595 518 busta
605 463 714 518 iacentia
723 463 839 536 plumae,

145 547 169 588 su
236 537 373 608 cinctaque
382 537 486 593 lunesto
495 537 568 592 lanea
580 537 643 592 vitta
653 545 718 592 tero.

198 611 226 666 Si
238 627 289 666 non
300 629 368 666 vana
377 620 476 667 canunt
486 629 553 678 mea,
570 611 716 686 Lygdcme‚
728 612 840 677 somnia,
855 621 944 680 tester,

236 703 319 756 poena
329 686 378 740 erit
387 694 447 740 ente
456 703 529 742 meos
538 704 605 752 sera,
620 686 667 740 sed
679 687 776 760 ampla,
788 687 883 759 pedes3

198 761 283 830 putris
293 767 318 814 et
327 760 356 814 iu
366 777 449 815 vacuo
459 768 560 815 texetur
569 778 663 815 aranea
674 760 752 816 lecto:

237 833 358 888 noctibus
369 834 475 890 illorum
485 834 597 890 dormiet
605 835 662 906 ipsa
673 835 792 891 Venus«

144 921 169 962 35
199 908 272 975 Quae
280 907 329 961 tibi
338 908 361 960 si
373 909 442 964 veris
452 910 550 963 animis
559 917 599 964 cst
608 917 701 980 questa
710 908 807 981 puella,

235 982 284 1036 hac
293 981 383 1035 eadem
396 999 499 1047 rursus,
512 982 657 1056 Lygdeme‚
670 1000 746 1038 curre
753 984 806 1049 via,

198 1063 222 1110 et
231 1073 289 1109 mea
299 1071 361 1109 cum
371 1054 462 1110 multis
473 1054 588 1111 lacrimis
597 1057 720 1112 mandata
729 1065 838 1130 reporta,

236 1130 312 1195 iram,
323 1147 376 1185 non
387 1129 493 1186 fraudes
501 1148 559 1185 esse
568 1132 597 1186 in
607 1149 695 1186 amore
705 1150 773 1187 mee.

198 1205 239 1259 Me
248 1221 355 1277 quoque
364 1205 497 1260 consimili
507 1207 662 1278 impositum
672 1207 817 1280 torquerier
826 1206 882 1279 igni

144 1289 169 1332 tu
236 1279 338 1344 iurabo,
349 1287 375 1334 et
384 1280 426 1334 bis
436 1297 483 1336 sex
495 1281 595 1354 integer
605 1299 661 1336 esse
670 1281 737 1336 dies.

198 1352 276 1419 Quod
285 1354 351 1407 mihi
362 1355 385 1408 ei
397 1363 467 1410 tauto
476 1355 539 1412 lelix
549 1355 685 1411 concordia
694 1355 764 1410 bello

235 1429 370 1494 exstiterit,
381 1447 428 1502 per
438 1447 488 1496 me,
500 1431 645 1505 Lygdum,
658 1429 794 1485 libereris.

461 1560 480 1602 E
491 1561 509 1600 L
520 1560 538 1601 E
550 1558 571 1601 G
581 1561 593 1601 l
603 1559 623 1600 A
651 1559 681 1601 V.

198 1640 273 1721 Ergo
283 1648 408 1704 sollicitae
418 1656 447 1702 tu
457 1665 545 1714 causa,
559 1651 680 1720 pecunia,
694 1649 813 1704 vitaeesl

234 1731 314 1794 perte
325 1725 497 1778 immaturum
507 1723 597 1778 mertis
606 1723 712 1777 edimus
722 1724 780 1776 iter.

198 1797 238 1851 Tu
248 1797 321 1850 vitiis
334 1798 474 1851 hominum
484 1797 600 1852 crudelia
609 1795 707 1866 pabula
717 1797 840 1865 praebes:

234 1871 335 1924 semina
345 1887 469 1924 curarum
479 1870 512 1922 de
521 1870 603 1938 capite
612 1876 666 1920 orta
677 1876 732 1919 tuo.

143 1955 154 1995 5
198 1944 237 1996 Tu
248 1944 354 1996 Paetum
366 1942 400 1995 ad
410 1941 518 1994 Pharios
529 1940 676 1994 tendentem
687 1938 765 1992 lintea
774 1946 865 2009 portus

233 2015 324 2067 obruis
338 2014 430 2066 insano
440 2019 531 2082 terque
540 2019 685 2082 quaterque
693 2011 771 2064 mari.

198 2091 263 2141 Nam
273 2086 340 2140 dum
350 2092 374 2139 te
383 2084 512 2158 sequitur,
527 2085 613 2156 primo
622 2085 703 2138 miser
712 2083 810 2138 excidit
820 2102 895 2155 aevo,

233 2167 259 2214 et
268 2176 336 2215 nova
346 2158 500 2233 longinquis
510 2159 628 2232 piscibus
637 2175 695 2214 esca
703 2167 785 2215 natat.

196 2235 275 2290 Flens
291 2243 377 2290 tamen
387 2234 511 2290 extremis
525 2234 598 2290 dedit
606 2235 671 2289 haec
682 2235 806 2290 mandata
815 2240 942 2308 querelis,

143 2321 168 2361 tc
235 2328 320 2384 quum
331 2309 489 2366 moribunda
498 2311 573 2385 niger
581 2309 712 2366 clauderet
720 2327 766 2365 ora
775 2309 877 2383 liquor:

197 2386 246 2440 »m
257 2386 347 2451 maris,
358 2385 437 2460 Aegei
447 2402 515 2458 quos
525 2392 588 2440 sunt
597 2403 677 2457 penes
687 2401 809 2457 aequora,
821 2388 903 2452 venti,

235 2458 756 2588 etquaecuuquemcumdeqravatunda
765 2467 857 2530 caput:

197 2554 252 2609 quo
265 2535 355 2606 rapitis
365 2537 475 2591 miseros
484 2535 586 2607 primae
605 2534 730 2608 anuginis
740 2531 842 2588 annes?

236 2612 380 2667 Attulimus
391 2612 482 2688 longas
492 2611 520 2668 in
531 2609 595 2666 lreta
605 2617 690 2666 vestra
700 2627 805 2664 manus.
