2020 3036
206 135 238 188 es
435 133 541 218 sisu
561 132 717 188 sinum

244 240 359 312 iungere,
372 247 397 294 et
407 241 435 296 in
444 241 500 297 solo
509 258 613 312 passere
623 249 711 296 monte
720 245 813 313 pe'eus3

205 323 238 378 et,
251 323 274 368 te
284 315 349 368 dum
360 313 434 369 liceat
443 316 539 370 teneris
549 315 660 371 retinere
670 314 780 381 boeriis,

243 388 473 444 moliisetineulta
482 391 517 444 sit
525 389 593 444 mihi
603 407 713 444 somnus
722 389 815 446 humo.

151 473 178 516 75
207 463 278 529 Quid
287 463 367 537 Tyrio
375 464 629 520 recubaretorosins
638 481 725 520 amors
734 465 850 520 seeundo

242 535 356 608 prodest,
368 555 454 610 quum
463 536 524 593 fletu
535 556 588 594 nox
597 538 732 612 vigilanda
742 539 832 595 venit‘i

207 614 274 666 Nam
289 629 376 684 neque
389 620 446 667 tum
460 611 579 683 plumas,
601 630 649 668 nee
662 613 779 687 stragula
793 615 862 686 pieta
876 633 955 686 sepe

699 705 765 754 Nm,

246 778 293 815 nec
301 762 403 816 sonitus
412 760 529 832 placidae
538 760 634 816 dueere
642 763 725 833 possit
733 779 826 834 aquas.

207 837 279 890 Num
288 835 397 892 Veneris
407 853 517 909 magnae
527 834 625 892 violavi
635 837 746 892 numina
755 839 844 903 verbo,

154 921 178 963 80
245 917 335 964 stmea
345 927 417 965 nune
426 928 523 981 poenas
533 911 615 982 impia
625 910 718 984 lingua
727 910 795 966 luit?

207 1002 273 1039 num
283 983 351 1038 feror
360 985 474 1040 inoesius
483 984 558 1040 sedes
568 984 664 1040 adiisse
674 985 792 1050 deorum,

244 1067 364 1131 sertaque
373 1059 406 1114 ds
416 1060 512 1114 sanetis
522 1059 670 1132 deripuisse
678 1058 761 1115 iocis?

208 1135 265 1190 Non
276 1151 333 1207 ego,
345 1134 369 1188 si
378 1135 472 1200 merui,
485 1133 604 1190 dubitem
613 1135 784 1206 procumbere
794 1135 910 1206 templis,

244 1215 269 1262 et
278 1209 340 1262 dare
349 1209 455 1264 sacratis
465 1209 554 1264 oscula
563 1209 716 1264 liminibus:

153 1294 178 1337 85
210 1283 450 1357 nonegotellurem
460 1285 574 1360 genibus
583 1301 718 1356 perrepere
726 1282 848 1354 supplex,

244 1365 270 1412 et
279 1359 407 1414 miserum
417 1363 506 1415 sencio
515 1359 625 1415 tundere
633 1366 802 1430 posleeaput.

207 1432 241 1488 At
250 1440 288 1498 tu,
301 1434 349 1506 qui
360 1433 441 1490 laetus
451 1434 521 1489 rides
530 1433 598 1488 mala
612 1440 708 1498 nostra,
719 1441 821 1487 caveto:

245 1525 307 1563 mox
316 1509 365 1564 tibi
376 1525 429 1563 non
438 1526 510 1564 unus
520 1508 616 1564 saeviet
625 1509 712 1578 iisque
721 1505 796 1561 deus.

207 1581 268 1637 Vidi
278 1599 334 1656 ego,
345 1583 393 1654 qui
403 1583 531 1638 iuvenum
540 1582 650 1637 miseros
659 1580 766 1635 lusisset
774 1597 885 1646 amores,

154 1668 179 1711 90
244 1665 304 1728 post
313 1657 421 1714 Veneris
431 1656 526 1712 vinclis
536 1656 648 1712 subdese
657 1654 722 1710 eolla
734 1673 834 1721 senem,

208 1731 807 1803 etsibiblsnditiasuemulaeomponerevoee
840 1778 842 1783 .

244 1814 269 1861 et
279 1807 403 1862 manibus
412 1824 490 1862 cenas
501 1807 599 1879 fingete
608 1805 676 1861 velis
688 1821 785 1859 oomss.

208 1881 280 1936 Stare
289 1897 337 1935 neo
345 1888 404 1936 ante
412 1881 479 1936 iores
488 1879 592 1951 puduit,
604 1894 711 1932 caraeve
719 1876 822 1947 puellae
997 1925 998 1942 ἶ

245 1954 367 2010 aneillam
378 1954 464 2008 medio
474 1953 619 2007 detinuisse
628 1950 692 2005 foro.
997 1955 998 1986 i

153 2041 179 2084 95
208 2031 285 2085 Hune
293 2045 367 2100 puer,
380 2027 452 2082 hune
460 2026 564 2082 iuvenis
574 2025 651 2080 turbs
660 2025 819 2078 oireumterit
828 2030 895 2078 arta:

245 2103 349 2173 despuit
359 2102 386 2156 in
397 2101 488 2156 molles
497 2108 522 2155 et
531 2099 583 2154 sibi
593 2099 709 2172 quisque
719 2097 805 2153 sinus.

208 2179 241 2233 At
250 2177 316 2232 mihi
326 2193 410 2248 pares,
423 2177 525 2232 Venus:
546 2191 650 2248 semper
659 2174 708 2229 tibi
717 2172 803 2228 dedita
816 2176 896 2230 servit

245 2269 399 2308 mensmes:
420 2250 488 2325 quid
496 2267 595 2306 messes
605 2252 662 2307 uris
672 2249 763 2306 seerba
773 2247 850 2305 tuas‘i

456 2382 618 2426 ΗΕΘΜ
646 2381 698 2426 111.

207 2465 284 2528 Ibitis
295 2474 409 2548 Aegaeas
418 2478 475 2530 sine
484 2492 535 2540 ms,
548 2473 666 2540 Messala,
679 2471 829 2546 petendas,

244 2549 371 2604 outinam
381 2567 518 2616 memores,
531 2550 588 2621 ipse
597 2548 751 2622 cohorsque,
763 2547 829 2602 mei!

207 2623 249 2678 Me
258 2629 326 2678 tenet
337 2627 432 2700 ignotis
442 2643 551 2701 aegrum
562 2625 686 2680 Phaeacia
696 2623 781 2680 terris.
