2030 3036
243 153 456 208 CARMINUM
494 154 618 210 LIBER.
771 159 804 212 29

96 292 196 336 XLVI.
227 293 273 338 AD
299 293 340 336 SE
364 293 481 337 lasum
506 295 553 336 ult
583 291 763 338 ADVENTU

374 365 491 410 veuls,

132 450 192 513 lam
205 475 251 511 ver
263 454 378 530 ege'lidos
391 456 467 510 refert
479 465 586 528 tepores,

96 535 149 588 iam
162 531 227 587 coeli
239 531 311 586 furor
323 527 520 603 aequinoctialis

96 607 220 663 iucundis
232 607 344 680 Zephyri
358 605 455 660 silescit
467 607 549 662 auris.

97 683 264 753 linquantur
277 679 396 754 Phrygii,
411 679 520 746 Catulle,
536 684 631 754 campi,

96 757 259 826 Nicaeaeque
271 771 333 827 ager
346 756 412 809 uber
424 762 565 810 aestuosae.

30 875 33 884 .
96 829 137 885 Ad
149 830 232 884 claras
245 828 322 882 Asiae
334 829 453 884 volemus
465 830 554 884 urbes.

96 906 150 959 lam
160 921 236 958 mens
248 903 442 975 praetrepidans
455 911 513 958 avet
526 906 625 978 vagari,

96 980 148 1034 iam
161 978 220 1032 laeti
234 977 322 1033 studio
333 978 411 1048 pedes
424 979 570 1051 vigescunt.

96 1052 217 1108 Odulces
230 1052 355 1106 comitum
369 1051 452 1106 valete
464 1061 560 1118 coetus,

98 1127 172 1201 longe
182 1144 250 1198 quos
262 1125 343 1180 simul
357 1144 371 1180 a
384 1125 462 1182 domo
474 1126 609 1198 proiectos,

95 1201 212 1258 diversos
226 1201 313 1256 variae
328 1201 386 1254 viae
396 1209 537 1272 reportant.

61 1313 169 1358 XLVII.
194 1313 242 1356 An
268 1313 434 1356 PORCIUM
458 1313 505 1356 ET
531 1313 800 1362 SOCRATIONEM.

130 1381 211 1443 Porci
224 1394 248 1442 et
260 1387 402 1452 Socration,
417 1386 485 1441 duae
497 1387 618 1444 sinistrae

96 1463 207 1526 Pisonis,
222 1462 323 1517 scabies
335 1461 471 1533 famesque
483 1463 588 1530 mundi,

97 1555 140 1592 vos
153 1536 311 1593 Veranniolo
323 1554 381 1592 meo
393 1544 418 1590 et
431 1536 541 1592 Fabullo

95 1629 191 1684 verpus
204 1611 354 1682 praeposuit
367 1611 476 1682 Priapus
489 1611 551 1667 ille‘l

95 1703 140 1740 vos
152 1686 276 1741 convivia
289 1685 359 1740 lauta
372 1692 507 1740 sumtuose

95 1759 176 1816 dedis
189 1759 288 1827 iecitis3
303 1759 356 1814 mei
368 1757 469 1814 sodales

95 1842 225 1904 quaerunt
237 1834 265 1888 in
279 1834 364 1889 triviis
379 1833 542 1890 vocationes?

188 1961 323 2005 XLVIII.
354 1963 399 2006 AD
432 1961 658 2007 luqurlum.

128 2044 251 2108 Mellitos
262 2053 351 2108 oculos
364 2061 432 2119 tuos,
447 2055 560 2119 inventi,

95 2125 116 2179 si
126 2129 186 2199 quis
199 2145 245 2182 me
257 2128 325 2182 sinat
337 2145 423 2200 usque
435 2129 544 2194 basiare,

95 2217 178 2273 usque
190 2203 225 2258 ad
237 2201 321 2256 millio
334 2202 435 2257 basiem
447 2210 571 2258 trecenta:

95 2291 141 2328 nec
151 2294 273 2350 unquam
287 2276 376 2330 videar
388 2284 460 2331 satur
471 2277 584 2340 iuturus,

95 2364 145 2403 non
157 2351 180 2404 si
193 2351 300 2406 densior
312 2350 393 2404 aridis
405 2351 492 2405 aristis

95 2421 128 2475 sit
139 2431 242 2480 nostrae
253 2443 328 2498 seges
339 2424 517 2482 osculationis.

153 2550 255 2594 mx.
286 2553 332 2596 Au
363 2553 394 2594 m.
418 2553 447 2594 Τ.
478 2551 699 2598 οΙοΕκοΝΕΜ,

130 2614 316 2681 Disertissime
328 2625 432 2681 Romuli
447 2634 579 2698 nepotum,
