2020 3036
191 153 224 206 et
478 149 648 204 CATULLI

190 257 242 316 Sed
251 273 338 330 neque
347 262 405 312 tum
416 259 516 323 mitrae,
524 273 610 328 neque
619 265 677 310 tum
687 255 815 313 fluitantis
825 259 939 316 amictus

189 331 235 387 illa
245 333 331 387 ricem
341 348 447 396 curans,
459 339 511 386 toto
521 349 554 386 ex
565 339 588 384 te
597 339 708 402 pectore,
720 332 832 398 Theseu,

135 417 161 459 tt
189 413 243 461 tolo
251 407 351 471 animo,
364 413 414 460 tota
425 403 554 476 pendebat
562 405 663 477 perdita
673 413 770 461 mente.

190 479 232 534 Ah
242 481 347 545 misera,
359 479 473 534 assiduis
484 497 566 552 mam
576 479 689 534 luctibus
699 482 845 538 externavit

190 555 310 625 spinosas
320 555 435 628 Erycina
445 571 534 608 serens
544 555 572 609 in
584 561 685 625 pectore
695 571 772 609 curas

190 627 235 683 illa
245 636 404 700 tempestate,
417 627 490 683 ferox
500 645 554 699 quo
563 636 679 699 tempore
688 629 806 684 Theseus

189 720 311 777 egressus
320 701 565 758 eurviselitorihus
575 703 660 757 Piraei

134 788 160 831 tt
189 778 275 851 attigit
284 777 377 833 iniusti
387 776 457 851 regis
466 776 595 850 Gortynia
606 775 714 848 templa.

188 853 257 908 Nem
266 851 405 923 perhibent
413 849 477 904 olim
487 849 588 905 erudeli
596 858 668 921 poste
676 858 791 906 coactam

188 926 391 998 Androgeoneae
400 941 498 996 peenas
507 923 642 980 exsolvere
651 925 748 991 caedis,

189 1001 281 1056 electos
291 1000 400 1055 iuvenes
410 999 491 1054 simul
501 1007 526 1054 et
535 999 616 1054 decus
627 1000 799 1072 innuptarum

189 1075 340 1147 Cecropiam
349 1073 453 1130 solitam
463 1089 519 1129 esse
528 1073 623 1146 dapem
633 1072 696 1129 dare
704 1075 861 1131 Minotauro.

134 1160 160 1202 so
190 1149 271 1217 Queis
280 1156 392 1222 angusta
402 1147 479 1203 malis
489 1166 575 1221 quum
584 1149 688 1204 moenia
697 1157 864 1215 vexarentur,

187 1225 244 1296 ipse
252 1240 333 1278 suum
344 1223 460 1278 Theseus
469 1240 517 1294 pro
526 1223 593 1278 caris
603 1240 698 1294 eorpus
707 1222 818 1279 Athenis

187 1299 312 1372 prolicere
321 1298 420 1370 optavit
433 1298 530 1369 potius,
543 1314 625 1370 quam
636 1297 697 1352 talia
707 1297 810 1354 Cretam

187 1371 280 1428 lunera
289 1372 436 1444 Cecropiae,
450 1390 499 1428 nae
508 1371 601 1428 lunera
609 1379 787 1445 portarentur:

188 1455 266 1519 atque
275 1448 310 1502 ita
319 1465 387 1503 nave
397 1446 448 1501 levi
459 1448 553 1513 nitens,
565 1465 596 1502 ac
605 1446 709 1502 lenibus
719 1448 800 1512 auris,

133 1532 158 1575 ts
188 1521 391 1594 magnanimum
400 1519 435 1575 ad
444 1521 532 1577 Minoa
542 1521 622 1586 venit,
634 1521 763 1593 sedesque
775 1523 916 1593 superbas.

187 1597 264 1650 lluno
273 1595 354 1649 simul
365 1612 395 1650 ac
403 1595 500 1668 cupido
509 1595 645 1668 eonspexit
655 1595 757 1650 lumine
766 1597 842 1670 virgo

187 1671 267 1746 regia,
280 1686 362 1742 quam
372 1670 477 1726 suaveis
487 1670 624 1743 exspirans
633 1677 720 1725 castus
728 1670 821 1726 odores

187 1743 299 1798 lectulus
309 1745 337 1799 in
351 1744 426 1800 molli
437 1745 576 1817 complexu
586 1745 677 1800 metris
686 1744 788 1800 alebat:

187 1818 279 1890 quales
288 1820 400 1874 Eurotae
408 1820 571 1892 progignunt
580 1817 690 1873 flumina
700 1826 814 1892 myrtus,

133 1903 158 1946 tc
188 1910 285 1950 aurave
293 1893 431 1948 distinctos
440 1892 528 1947 educit
537 1909 617 1946 verna
626 1889 738 1945 colores:

187 1985 239 2023 non
249 1968 324 2040 prius
334 1985 367 2021 ex
377 1965 423 2020 illo
432 1963 569 2037 flagrantia
578 1962 720 2017 declinavit
768 1981 772 1990 ’

186 2041 297 2107 lumina,
309 2057 391 2113 quam
400 2046 493 2092 cirncto
501 2036 618 2106 concepit
627 2052 733 2108 corpore
741 2034 877 2092 flammam

186 2115 315 2178 funditus,
328 2123 406 2184 atque
416 2111 477 2165 imis
487 2109 585 2165 exarsit
593 2116 645 2164 tota
653 2108 788 2174 medullis,

186 2189 252 2243 heul
273 2188 367 2242 misere
376 2186 512 2258 exagitans
522 2183 620 2238 immiti
630 2183 706 2240 eorde
715 2182 825 2240 ferreres.

132 2273 157 2316 ee
188 2263 279 2317 Sancte
287 2277 362 2334 puer,
376 2261 448 2314 curis
457 2259 598 2314 hominum
608 2259 656 2331 qui
665 2258 762 2332 gaudm
772 2260 879 2327 misces,

185 2339 307 2408 quaeque
315 2335 384 2409 regis
391 2334 498 2409 Golgos,
510 2351 631 2407 quaeque
641 2333 753 2389 Idalium
764 2333 931 2404 frondosum,

223 2409 310 2464 alihus
321 2411 455 2465 incensam
465 2410 579 2464 iactastis
588 2416 675 2464 mente
683 2407 800 2481 puellam

203 2483 317 2549 ustibus,
330 2484 358 2539 in
368 2482 436 2540 llaro
444 2501 521 2556 saepe
530 2484 632 2555 hospite
641 2483 830 2556 suspiranteml

184 2565 298 2630 quantos
308 2557 353 2612 illa
363 2557 423 2613 tulit
433 2558 569 2631 languenti
578 2558 655 2614 eorde
663 2558 783 2613 timores!

131 2643 169 2685 roo
183 2640 314 2706 quantum
324 2649 400 2706 saepe
409 2633 496 2708 magis
505 2631 822 2706 fulgoreexpalluiteuri'
