2030 3040
202 143 249 195 ⁴96
465 137 676 194 PROPERTII

145 258 170 300 ιο
238 247 331 301 arserit
338 253 364 302 et
375 247 482 320 quantis
492 255 573 318 nupta
584 247 681 302 Creusa
691 247 779 303 malis.

200 320 313 376 Nullane
323 321 424 376 sedabit
433 329 534 376 nostros
544 322 641 376 iniuria
651 321 746 376 fletus?

237 394 279 450 An
290 394 363 451 dolor
372 396 417 450 hie
426 397 497 451 vitiis
507 397 588 451 nescit
598 397 688 452 abesse
698 395 769 452 tuis‘l

199 470 247 525 Tot
258 471 310 525 iam
319 471 405 526 abiere
414 471 479 536 dies,
491 488 578 543 quum
589 489 632 526 me
641 489 688 526 nec
696 487 758 526 cura
767 471 871 538 theatri,

238 561 285 600 nee
294 545 378 619 tetigit
387 545 489 617 Campi,
502 563 550 600 nee
558 564 616 601 mea
625 547 700 601 Musa
710 547 792 601 iuvat.

146 629 171 672 ts
201 619 241 674 Ah
252 619 348 692 pudeat
358 629 434 685 certe,
447 620 557 692 pudeat:
579 622 631 675 nisi
640 619 714 686 forte,
726 621 799 692 quod
808 621 893 686 aiunt,

237 696 321 768 turpis
331 712 404 751 amor
412 695 501 750 surdis
510 695 619 750 auribus
629 712 686 750 esse
695 695 769 751 solet.

200 769 283 824 Cerne
291 769 394 835 dueem,
406 769 484 825 modo
495 770 542 842 qui
552 769 657 826 fremitu
667 769 807 842 complevit
815 771 889 825 inani

238 843 311 899 Aetia
319 843 451 899 damnatis
461 861 574 917 aequora
583 843 723 900 militibus.

200 919 276 972 Hune
285 917 392 973 infamis
401 936 474 973 arnor
483 919 567 974 versis
576 919 638 974 dare
648 927 719 993 terga
728 919 825 974 earinis

146 999 172 1046 lu
239 993 325 1058 iussit,
337 1001 362 1046 et
370 1001 487 1048 extremo
495 1011 620 1064 quaerere
630 995 658 1048 in
668 994 731 1048 orbe
740 993 841 1067 lugam.

200 1066 317 1122 Caesaris
326 1066 390 1121 haee
402 1067 486 1122 virtus
497 1075 522 1122 et
530 1067 613 1140 gloria
623 1068 742 1124 Caesaris
751 1068 816 1123 haee
823 1075 874 1123 est:

237 1140 290 1206 illa,
303 1157 356 1213 qua
367 1142 438 1207 vicit,
449 1142 566 1198 condidit
575 1161 646 1198 arma
658 1160 750 1198 manu.
1003 1185 1004 1188 η

198 1214 431 1289 Sedqnaseunque
439 1217 487 1272 tibi
497 1226 773 1290 vestes,qu0seunque
781 1217 944 1292 smaragdos,
1004 1208 1005 1232 ¹

237 1307 338 1362 quosve
347 1291 418 1346 dedit
430 1290 498 1348 flavo
507 1291 609 1348 lumine
618 1292 807 1366 chrysolithos:

145 1374 170 1419 ts
200 1364 264 1421 haee
273 1365 378 1421 videam
388 1367 492 1439 rapidas
502 1386 530 1423 ιιι
542 1386 642 1423 vanum
653 1367 719 1422 ierne
727 1365 863 1439 proeellas,

236 1457 289 1513 qua
301 1442 433 1507 libitima,
446 1442 535 1508 velim,
546 1460 600 1514 qua
610 1443 658 1497 tibi
669 1442 713 1496 liat
722 1458 800 1514 aqua.

199 1516 257 1570 Non
267 1532 371 1587 semper
380 1515 499 1588 placidus
508 1519 628 1588 periuros
638 1516 705 1572 ridet
713 1523 829 1570 amantes

236 1591 361 1662 luppiter,
373 1598 398 1645 et
407 1591 488 1646 surda
498 1591 608 1665 negligit
618 1607 681 1646 anre
689 1607 788 1662 preoes.

199 1663 308 1719 Vidistis
319 1673 371 1720 toto
380 1665 482 1721 sonitus
492 1683 642 1738 percurrere
651 1663 739 1720 eoelo‘l

145 1751 170 1792 st
237 1736 404 1812 fulminaque
415 1741 528 1796 aetheria
537 1740 676 1796 desiluisse
685 1736 780 1795 demo‘i

198 1815 257 1868 Non
267 1813 332 1868 haec
342 1815 459 1870 Pleiades
468 1814 576 1878 faciunt,
588 1832 676 1886 neque
687 1829 805 1887 aquosus
814 1810 911 1867 Orion:

237 1904 284 1942 nec
292 1889 330 1942 sie
340 1888 372 1942 de
383 1888 467 1941 nihilo
476 1887 597 1942 fulminis
607 1887 644 1941 ira
653 1886 731 1940 cadit.

198 1962 318 2016 Periuras
329 1970 391 2014 tune
400 1960 445 2014 ille
456 1960 521 2014 solet
530 1960 625 2029 punire
633 1958 744 2028 puellas,

234 2034 357 2103 deceptus
366 2033 492 2103 quoniam
502 2031 573 2086 flevit
584 2038 609 2084 et
617 2032 674 2102 ipse
683 2031 759 2086 deus.

144 2121 169 2164 55
199 2109 285 2175 Quare
296 2122 328 2160 ne
338 2106 386 2160 tibi
396 2105 503 2160 sitienti
513 2104 620 2160 Sidonia
631 2105 719 2171 vestis,

237 2189 267 2236 ut
277 2180 378 2248 timeas,
389 2179 493 2253 quoties
502 2179 612 2236 nubilus
622 2178 717 2236 Auster
725 2179 781 2236 erit.

198 2331 302 2388 Mentiri
312 2339 421 2396 nostem,
433 2332 571 2404 promissis
581 2330 676 2387 dueere
688 2337 828 2394 amantem,

234 2407 286 2464 hoo
294 2407 343 2462 erit
352 2406 459 2464 infectas
469 2408 599 2483 sanguine
608 2408 705 2462 habere
714 2421 820 2463 manue.

198 2483 298 2539 Horum
308 2500 357 2557 ego
366 2501 427 2538 sum
439 2491 520 2549 vates,
531 2483 633 2556 quoties
642 2483 760 2538 desertus
771 2494 874 2536 amaras

144 2570 170 2613 tu
236 2557 340 2631 explevi
350 2565 446 2624 noctes,
458 2558 555 2614 fractus
565 2566 677 2632 utroque
686 2565 751 2614 toro.

200 2634 245 2692 Vel
255 2641 284 2690 tu
294 2633 415 2689 Tantalea
425 2651 545 2690 moveare
554 2631 588 2690 ad
597 2632 707 2690 flumina
717 2639 794 2695 sorte,
