2040 3030
199 153 249 206 2l8
465 147 676 202 PROPERTll

235 266 260 311 et
270 257 336 310 hene
345 255 485 310 concordes
495 255 578 310 tristia
588 253 621 308 ad
630 271 702 308 arma
714 264 798 310 vocat.

198 331 297 402 Hospes
306 330 335 384 in
344 329 490 402 hospitium
500 328 616 384 Menelao
626 328 698 384 vonit
707 328 823 384 adulter:

235 404 339 460 Colchis
349 412 375 458 et
383 404 504 476 ignotum
515 419 601 458 nonne
611 409 698 456 secuta
708 405 865 458 virumest‘?

198 481 315 554 Lyncea,
327 485 391 532 tune
401 495 487 532 meam
497 477 604 549 potuisti
615 484 721 548 tangere
730 478 841 532 curam?

143 563 169 606 lo
237 552 345 618 Perfida,
358 550 710 606 nonnetuaetunocecidera
720 552 835 606 manus‘l

198 626 270 693 Quid
279 628 302 681 si
313 645 365 682 non
376 634 498 682 constans
508 625 553 680 illa
564 633 589 679 et
599 631 653 679 tam
663 633 730 680 certa
743 625 854 680 luisset?

237 703 328 756 Posses
339 702 366 755 in
379 708 451 756 tanto
463 701 551 755 vivere
559 697 676 771 flagitio?

199 777 239 831 Tu
249 776 317 829 mihi
326 775 368 830 vel
379 774 446 830 ferro
455 783 555 846 pectus,
569 773 609 828 vel
618 772 699 843 perde
709 789 821 828 veneno:

236 867 250 904 a
261 850 368 905 domina
378 857 480 904 tan-tum
490 857 516 903 te
525 847 603 902 modo
612 846 674 902 tolle
683 864 751 901 mea.

144 935 170 978 15
201 925 237 978 Te
246 924 348 978 socium
360 924 435 988 vitae,
448 932 472 976 te
481 923 597 994 corporis
606 939 663 976 esse
673 921 770 986 licebit,

234 1004 261 1050 te
270 997 409 1052 dominum
419 997 529 1051 admitto
538 997 627 1060 rebus,
640 997 732 1061 amice,
744 997 823 1050 meis:

198 1072 263 1126 lecto
273 1080 298 1124 te
307 1070 404 1136 solum,
416 1069 482 1125 lecto
491 1079 517 1126 te
526 1071 648 1142 deprecor
658 1087 723 1124 uno.

235 1144 355 1201 Rivalem
364 1163 475 1217 possum
485 1162 539 1201 non
548 1163 597 1218 ego
607 1143 781 1200 ierrelovem.

199 1223 257 1293 lpse
267 1238 338 1276 meas
348 1221 430 1286 solus,
441 1220 514 1294 quod
523 1220 561 1275 nil
572 1227 619 1284 est,
631 1219 749 1274 aemulor
758 1219 877 1286 umbras,

144 1306 170 1350 2⁰
237 1295 343 1361 stultus,
356 1296 429 1369 quod
438 1295 518 1351 stulto
527 1313 605 1367 saepe
614 1295 707 1348 timore
715 1301 808 1348 tremo.

199 1371 256 1425 Una
266 1379 354 1426 tamen
363 1379 499 1436 causaest,
511 1388 565 1443 qua
574 1370 685 1424 crimina
698 1375 768 1424 tanta
778 1369 889 1432 remitto,

236 1447 358 1500 errabant
367 1447 451 1502 multo
460 1445 533 1517 quod
542 1451 587 1499 tua
599 1443 677 1498 verba
687 1459 768 1498 mero.

199 1519 251 1575 Sed
261 1539 400 1593 nunquam
410 1521 479 1576 vitae
488 1518 559 1573 fallet
568 1536 611 1572 me
621 1535 687 1592 ruga
696 1535 814 1574 severae:

235 1611 328 1650 omnes
338 1595 391 1650 iam
401 1603 506 1657 norunt.
518 1610 601 1666 quam
612 1592 646 1646 sit
655 1609 744 1647 amare
753 1593 865 1648 bonum.

144 1678 170 1721 25
203 1669 325 1744 Lynceus
334 1671 391 1742 ipse
400 1686 476 1724 meus
486 1685 557 1724 seros
568 1667 667 1722 insanit
675 1683 788 1722 amores.

235 1743 327 1798 Solum
338 1752 363 1799 te
372 1751 475 1799 nostros
485 1745 564 1800 laetor
573 1742 645 1797 adire
654 1741 726 1795 deos.

199 1816 271 1884 Quid
280 1825 325 1872 tua
335 1819 471 1874 Socraticis
482 1819 530 1872 tibi
540 1833 612 1870 nunc
621 1815 748 1884 sapientia
760 1813 835 1868 libris

236 1891 369 1963 proderit?
387 1889 626 1946 autrerumdicere
635 1903 713 1956 posse
721 1885 797 1940 vias?

199 1974 244 2019 aut
253 1965 320 2037 quid
329 1965 427 2019 Cretaei
439 1962 486 2016 tibi
495 1967 606 2032 prosunt
615 1958 732 2012 carmina
742 1957 824 2012 lecta?

145 2049 171 2091 to
237 2037 280 2093 Nil
292 2038 365 2091 iuvat
374 2037 402 2089 in
413 2052 510 2107 magno
519 2041 604 2090 vester
614 2047 702 2086 amore
710 2048 801 2085 senex.

199 2115 239 2168 Tu
249 2110 331 2165 satius
341 2125 483 2162 memorem
493 2107 578 2164 Musis
587 2106 688 2161 imitere
698 2105 835 2172 Philotam,

235 2192 260 2240 et
270 2199 322 2238 non
331 2181 412 2238 inllati
423 2183 526 2238 somnia
535 2179 700 2238 Callimachi.

199 2263 266 2316 Nam
275 2275 369 2313 cursus
380 2258 439 2313 licet
448 2257 530 2315 Aetoli
544 2255 639 2312 reieras
648 2255 765 2320 Acheloi,

236 2333 332 2389 luxerit
341 2341 371 2388 ut
379 2351 476 2408 magno
485 2333 582 2389 hamus
593 2348 680 2387 amore
689 2331 785 2404 liquor,

145 2421 170 2464 35
200 2419 278 2484 atque
287 2408 366 2464 etiam
376 2417 406 2464 ut
416 2409 532 2485 Phrygio
542 2407 623 2463 fallax
632 2407 781 2462 Maeandria
792 2423 885 2478 campo

234 2492 312 2552 errat,
323 2492 349 2540 et
359 2484 416 2556 ipsa
426 2503 489 2540 suas
499 2483 595 2555 decipit
604 2482 675 2538 tanda
685 2482 752 2547 viae,

199 2561 287 2635 qualis
297 2567 322 2615 et
331 2559 435 2615 Adrasti
445 2559 523 2615 luerit
533 2557 630 2614 vocalis
640 2557 721 2612 Arion

237 2637 319 2692 tristia
330 2633 364 2690 ad
372 2635 525 2690 Archemori
535 2632 627 2688 lunera
637 2632 720 2688 victor
729 2647 828 2704 equus:
