2020 3036
244 185 315 240 le.
341 187 361 241 l.
386 185 500 242 ELEG.
526 188 576 242 IV.
749 187 783 240 at

27 296 102 352 Solis
113 299 219 349 aeterna
228 300 267 351 ast
276 293 380 348 Phoebo
388 294 542 366 Bacchoque
550 293 670 361 iuventa,

70 385 138 424 narn
146 367 220 422 decet
229 370 350 422 intensus
359 367 442 424 erinis
451 376 596 439 utrumque
605 367 696 422 deum.

30 447 84 510 Tu,
97 458 182 514 puem
191 441 369 514 quodeunque
379 449 423 496 tuo
432 449 531 496 tentare
541 441 640 506 libebit,

71 517 166 572 cedas:
187 515 314 587 obsequio
323 515 439 587 plurima
449 517 532 571 vincit
541 533 624 570 amor.
813 523 838 567 ta

32 595 93 648 Neu
104 605 192 646 comes
204 590 242 644 ire
251 606 339 662 negas,
352 593 477 662 quamvis
487 590 530 646 via
539 589 616 665 longe
629 599 742 661 paretur,

72 674 99 721 et
109 664 191 720 Canis
200 665 284 718 arenti
292 671 387 718 terreat
397 681 459 719 arva
468 665 526 733 siti;

34 739 164 813 quamvis
173 745 325 809 praetexens
333 739 406 810 picea
415 738 549 812 ferrugine
557 736 668 803 coelum,
740 753 742 758 ·

73 819 215 869 venturam
225 812 345 868 admittat
353 812 472 868 imbrifer
480 829 557 868 arcus
567 831 674 885 aquam.

36 889 82 945 Vel
94 888 119 942 si
133 885 265 942 caeruleas
275 888 359 959 puppi
369 887 438 943 volet
446 888 486 943 ire
494 906 541 960 per
551 886 646 952 undas,
815 893 840 938 45

75 965 134 1034 ipse
145 960 229 1016 levem
239 978 313 1016 remo
321 979 368 1034 per
377 961 441 1017 freta
451 961 520 1034 pella
529 969 622 1016 ratem.

38 1039 127 1092 Necte
136 1035 266 1108 poeniteat
274 1035 355 1092 duros
372 1037 486 1092 subiisse
496 1036 605 1102 labores,

76 1117 123 1166 aut
131 1127 225 1182 operae
234 1110 349 1166 insuetas
359 1111 503 1166 adteruisse
511 1127 620 1166 manus:

39 1204 96 1251 nec,
108 1185 173 1241 velit
182 1184 287 1240 insidiis
296 1184 361 1240 altas
371 1186 394 1239 si
404 1185 525 1241 claudere
537 1185 628 1249 valles,

75 1260 143 1315 dum
152 1258 263 1331 placeas,
276 1257 381 1314 humeri
391 1261 455 1314 retia
464 1259 530 1314 ferre
539 1267 644 1332 negent.
816 1268 842 1308 00

40 1336 66 1390 Si
78 1333 148 1390 volet
157 1350 240 1398 arma,
253 1332 306 1388 levi
315 1334 428 1389 tentabis
438 1333 529 1388 ludere
537 1333 642 1399 dextra3

77 1425 155 1480 saepe
163 1407 240 1462 dabis
245 1406 358 1472 nudum,
371 1407 459 1463 vincat
468 1405 561 1472 atille,
573 1406 652 1462 latus.

42 1485 116 1538 Tunc
125 1481 174 1537 tibi
184 1481 256 1536 mitis
266 1481 328 1550 erit3
342 1482 429 1554 rapias
439 1489 496 1538 tum
506 1499 565 1537 cara
575 1480 663 1536 licebit

14 1577 15 1580 ¹
77 1563 180 1624 oseula3
192 1556 332 1630 pugnabit,
348 1557 492 1612 sedtamen
502 1563 562 1628 apta
571 1555 653 1610 dabit.

14 1627 16 1694 i
43 1633 124 1703 Rapta
133 1630 207 1685 dabit
215 1631 310 1702 primo,
323 1647 386 1686 max
396 1631 484 1686 offeret
494 1631 551 1703 ipse
560 1632 671 1704 roganti,
818 1640 843 1680 55

15 1721 17 1768 ff
77 1705 224 1778 postetiam
233 1701 596 1777 ecllcseimplieuissevolet.

15 1789 17 1826 l
43 1783 108 1845 ileu,
121 1776 785 1835 malenuneartesmiserasbaecsaeeulatractam:

78 1854 131 1908 iam
142 1860 214 1907 tener
224 1853 345 1908 adsuevit
354 1871 463 1910 munera
473 1851 541 1909 velle
549 1869 626 1924 puer.

45 1929 76 1982 At
86 1927 143 1992 tibi,
155 1927 204 1999 qui
214 1929 340 1984 Venerem
349 1927 461 1984 docuisti
471 1927 584 1984 vendere
592 1927 705 1999 primus,

16 2023 19 2074 χ
79 2001 204 2074 quisquis
213 2017 251 2066 es,
263 2001 355 2058 infelix
365 2011 456 2077 urgeat
465 2021 524 2060 ossa
535 2001 612 2074 lapis,
816 2009 842 2051 00

18 2081 19 2152 ζ
45 2075 168 2140 Pieridas,
179 2077 265 2146 pueri,
276 2075 364 2132 doctas
372 2086 400 2134 et
407 2085 492 2132 amate
503 2088 601 2149 poetas,

17 2153 18 2160 ’
81 2167 158 2204 aurea
168 2167 216 2205 nec
225 2158 349 2223 superent
358 2169 467 2208 munera
476 2151 602 2206 Pieridas.

47 2224 166 2280 Carmine
174 2241 308 2296 purpurea
317 2233 356 2280 ast
365 2226 422 2280 Nisi
431 2243 519 2294 coma3
531 2223 648 2280 carmina
657 2224 686 2277 ni
695 2224 758 2286 sint¹

81 2316 115 2353 ex
124 2299 235 2353 humere
244 2298 347 2371 Pelopis
357 2317 409 2355 non
419 2300 542 2354 nituisset
550 2300 627 2353 ebur.

48 2372 128 2439 Quem
137 2371 247 2428 reserent
256 2375 355 2439 Musae,
367 2374 448 2439 vivet,
461 2373 526 2428 dum
536 2373 629 2427 robora
638 2369 727 2435 tellus,
817 2379 842 2424 at

81 2447 146 2503 dnm
155 2445 259 2502 coelum
269 2447 366 2513 stellas,
378 2448 443 2503 dnm
454 2447 531 2502 vehet
540 2446 627 2502 amnis
637 2461 731 2518 aquas.

49 2521 87 2586 lt,
100 2522 210 2594 quinon
220 2522 401 2588 auditllusas,
414 2522 462 2596 qui
470 2520 561 2578 vendit
570 2537 695 2584 amoram,

82 2596 170 2652 ldaeae
179 2612 274 2652 caurus
284 2594 463 2668 illesequatur
472 2596 546 2668 Opis,

49 2679 72 2724 et
85 2678 240 2726 tercentenas
249 2670 382 2726 erroribus
391 2670 494 2742 expleat
502 2671 591 2736 urbes,
655 2742 677 2797 G

85 2746 188 2800 Carene.
