2030 3036
264 156 476 212 CARMINUM
495 156 621 210 LIBER.
801 158 815 212 l

106 266 219 322 furtivos
232 265 373 320 hominum
388 264 477 320 vident
489 279 604 319 erueres:

107 350 160 396 tarn
174 348 198 395 te
210 341 284 395 basia
297 339 380 395 mulla
393 339 496 395 basiare

105 432 203 470 vesano
215 416 279 469 satis
291 425 316 469 et
329 431 408 486 super
421 412 522 470 Catullo
534 421 581 476 est,

106 507 174 562 quae
187 507 235 544 nee
247 506 433 560 pernumerare
444 504 542 542 euriosr

105 564 217 634 possint,
233 581 282 618 neo
294 563 364 618 mala
376 562 505 618 fascinare
516 560 618 633 lingua.

266 691 344 736 v111.
369 693 416 735 An
432 691 474 735 SE
488 691 614 735 IPSUM.

104 773 193 838 Miser
205 782 315 848 Catulle,
330 783 436 838 desinas
449 783 567 854 ineptire,

69 867 101 922 et,
116 857 190 930 quod
203 858 277 912 vides
289 859 397 930 perisse,
412 857 544 929 perditum
556 856 648 912 dunas.

69 932 176 987 Fulsera
189 932 325 1004 quondam
337 931 443 987 candidi
456 933 504 986 tibi
516 930 592 995 seles,

69 1024 154 1079 quum
167 1007 392 1078 ventitabas,·qu0
405 1005 490 1078 pirella
503 1006 614 1060 ducebat

69 1089 154 1136 amata
167 1082 253 1146 uobis,
268 1090 400 1154 quantum
413 1081 545 1136 amabitur
559 1079 641 1135 uulla.

68 1157 107 1209 Ibi
121 1155 167 1209 illa
180 1155 263 1210 multa
277 1164 334 1211 tum
348 1157 433 1210 ieoosa
446 1155 552 1218 fiebant,

69 1247 137 1302 quae
149 1239 179 1284 tu
194 1230 307 1294 volebas,
324 1248 372 1285 nee
383 1230 471 1301 puella
485 1229 598 1284 uolebat.

68 1304 176 1358 Fulsere
189 1322 250 1359 vere
262 1305 368 1360 candidi
381 1305 430 1360 tibi
442 1303 520 1359 seles.

68 1380 145 1433 Nune
155 1379 208 1433 iam
218 1379 262 1434 illa
273 1397 325 1434 non
335 1379 407 1435 vult:
421 1387 450 1433 tu
461 1394 568 1450 quoque
577 1377 707 1449 impetens
718 1395 751 1432 ue
761 1378 812 1445 sis,

69 1469 124 1518 nee,
139 1471 209 1525 quae
220 1453 298 1528 fugit,
313 1461 419 1518 seetare,
436 1470 484 1508 nee
496 1453 576 1506 miser
588 1453 662 1509 vive:
845 1466 869 1508 re

68 1528 114 1582 sed
125 1529 256 1583 obstinata
269 1537 356 1584 mente
367 1527 460 1600 perier,
476 1527 587 1582 obdura.

69 1602 139 1669 Vale,
155 1603 257 1673 puella:
279 1604 333 1658 iam
345 1602 466 1660 Catullus
478 1603 603 1658 obdurat:

68 1695 115 1732 neo
126 1686 152 1732 te
165 1679 288 1750 requiret,
303 1695 351 1733 nee
362 1678 465 1753 rogabit
477 1677 599 1732 invitam.

68 1752 101 1806 lt
114 1761 141 1806 tu
155 1751 266 1818 dolebis,
281 1771 368 1826 quum
380 1753 514 1826 rogaberis
527 1752 610 1814 nulla,

67 1827 183 1882 scelesta.
224 1828 327 1883 Vaetel
348 1845 416 1900 quae
429 1827 476 1882 tibi
490 1834 578 1881 manet
590 1824 662 1881 vita‘l
845 1837 868 1877 15

67 1903 128 1972 quis
141 1918 215 1956 nune
226 1909 251 1956 te
263 1901 364 1956 adibit?
382 1902 446 1974 quei
460 1899 591 1956 videberis
604 1899 691 1955 bellai

67 1994 147 2047 quern
161 1993 234 2032 nune
246 1976 366 2031 amabis?
384 1978 482 2048 quoius
494 1993 551 2031 esse
563 1974 676 2030 dioeris‘l

67 2067 147 2121 quem
160 2050 296 2105 basiabis‘l
314 2050 378 2123 quoi
391 2050 484 2105 labella
497 2049 649 2105 mordebis?

68 2126 100 2178 At
111 2132 150 2190 tu,
167 2125 278 2191 Catulle,
293 2126 440 2180 obstinatus
452 2125 563 2180 obdura.

258 2253 306 2298 lx.
331 2255 377 2298 ΔΙ)
394 2251 623 2298 VERANNIUM.

144 2337 276 2411 Veranni,
291 2345 416 2401 omnibus
429 2363 445 2399 e
456 2346 522 2400 meis
536 2344 629 2400 amicis

103 2421 231 2475 antistans
244 2421 311 2474 mihi
324 2420 445 2475 millibus
457 2420 586 2484 treeeutiS,

103 2496 233 2550 venistine
244 2494 355 2550 domum
369 2495 403 2550 ad
414 2504 473 2550 tues
485 2501 600 2566 penates,

103 2567 248 2642 fratresque
260 2570 411 2633 unanimes,
426 2578 554 2640 tuamque
566 2565 695 2622 matrem?

104 2643 217 2700 venisti?
236 2644 259 2698 0
273 2643 339 2698 mihi
353 2644 441 2698 nuntii
454 2643 534 2698 beati!
857 2647 869 2688 5
