2040 3030
257 156 330 213 ΗΒ.
351 158 405 214 111.
434 158 550 214 ELEG.
570 159 623 216 Xl.
761 166 811 219 239

103 275 150 322 aut
159 266 182 320 si
192 282 245 338 qua
255 272 302 332 est,
315 265 398 338 pretio
407 265 506 322 tollitur
516 266 573 338 ipsu
583 283 665 324 mora.

64 339 143 397 Felix
152 340 205 395 eois
215 338 258 396 lex
267 339 368 396 funeris
377 358 431 395 una
444 340 554 405 maritis,
841 356 865 398 15

104 432 172 486 quos
182 413 639 485 Aurorasuisrubraooloratequia.

7 515 8 530 κ
65 490 190 560 Namque
200 488 246 542 ubi
256 487 388 543 mortifero
399 489 463 543 iacta
472 495 511 541 est
519 487 564 542 iax
573 487 667 543 ultima
678 489 751 554 lacto,

103 579 219 618 uxorum
231 560 298 616 fusis
307 568 358 616 atat
366 561 410 632 pia
419 561 495 616 turba
505 562 600 630 oomia;

66 643 92 692 ei
101 643 232 691 eertamen
243 635 341 690 habent
351 634 404 701 lati,
415 652 484 707 quae
493 636 556 691 viva
564 643 690 708 sequatur

103 709 273 782 ooniugium:
293 708 380 780 pudor
387 715 435 774 eat,
447 727 500 764 non
510 709 617 764 licuisse
626 711 703 765 mori.

65 783 166 839 Ardent
175 783 302 850 victrioes,
314 790 340 838 et
348 782 468 839 flammae
478 792 580 856 pectora
589 785 722 856 praebent,

104 859 298 930 imponuntque
306 858 363 914 auis
372 876 418 913 ora
426 865 532 930 pometa
541 858 616 914 viris.

65 934 115 988 Hie
122 950 208 1006 genus
219 931 333 988 infidum
343 940 499 1005 nuptarum:
523 932 746 1006 hionullapueila

103 1023 152 1062 neo
161 1005 213 1062 sida
222 1005 340 1074 Euadne,
352 1025 400 1064 neo
407 1009 451 1081 pia
461 1007 597 1080 Penelope.

64 1079 141 1137 Felix
150 1089 283 1156 agrestum
293 1082 428 1155 quondam
437 1091 528 1155 pacata
537 1083 671 1148 iuventus,

101 1156 209 1212 divitiae
218 1174 333 1229 quorum
343 1158 437 1212 messis
446 1165 471 1211 et
480 1157 557 1212 arbor
566 1164 647 1211 arant.

64 1230 121 1285 Illis
129 1247 227 1301 pompa
236 1229 286 1285 init
295 1230 405 1286 deoussa
415 1230 533 1304 Cydonia
543 1247 625 1294 ramo,

102 1310 127 1358 et
136 1303 198 1358 dare
206 1304 326 1374 puniceis
335 1303 413 1374 plena
422 1304 534 1358 oanisira
544 1303 634 1358 rubis:

65 1394 137 1433 nuno
147 1376 229 1433 violas
240 1376 345 1431 tondere
354 1393 445 1441 manu,
458 1392 531 1430 nuno
540 1377 622 1431 mixta
633 1375 726 1432 referre

102 1451 157 1506 iilia
167 1451 297 1506 vimineos
306 1449 393 1505 lucida
402 1467 448 1522 per
458 1448 586 1505 ealathos:

64 1534 89 1580 et
99 1533 200 1598 portare
209 1525 266 1580 suis
275 1525 381 1581 vestitas
390 1523 529 1580 frondibus
538 1541 614 1589 uvas,

101 1608 147 1655 ant
157 1600 257 1655 variam
266 1598 374 1670 plumae
384 1597 546 1654 versiooloris
558 1615 645 1656 avem.

66 1674 112 1728 His
122 1681 180 1729 tum
190 1673 325 1728 blanditiis
335 1672 433 1728 furtiva
441 1689 489 1744 per
498 1680 571 1728 antra
580 1671 684 1745 puellae

101 1747 190 1801 oscula
199 1746 325 1801 silviooiis
335 1754 404 1802 emta
414 1746 507 1802 dedere
516 1747 592 1802 viris.

64 1821 170 1876 Hinulei
178 1819 256 1892 pellis
266 1827 331 1875 totos
339 1821 457 1892 operibat
465 1828 590 1885 amantea,

9 1943 10 1948 ,
100 1893 205 1967 altaque
214 1894 304 1950 nativo
313 1902 427 1950 creverat
438 1895 520 1950 herba
530 1902 598 1963 toro3

9 1955 10 1988 ¹
63 1971 142 2042 pinus
151 1977 176 2025 et
185 1969 342 2025 incumbens
352 1968 416 2025 latae
426 1969 605 2025 circumdabat
617 1969 735 2034 umbrae,

10 2049 11 2104 i
100 2061 147 2099 neo
156 2043 239 2100 iuerat
248 2042 334 2099 nudas
343 2061 427 2116 poena
436 2043 527 2100 videre
535 2044 608 2099 deas.

63 2117 189 2191 Corniger
197 2118 267 2173 Idaei
278 2135 387 2174 vacuam
401 2119 511 2190 pastoris
521 2119 549 2174 in
559 2117 647 2174 aulam

99 2192 156 2246 dux
165 2192 233 2246 aries
242 2201 345 2247 saturas
354 2194 410 2264 ipse
420 2193 604 2248 reduxitoves.

62 2266 147 2337 Dique
157 2262 273 2336 deaeque
282 2282 383 2328 omnes,
395 2265 496 2334 quibus
503 2273 543 2318 est
550 2263 630 2318 tutela
639 2280 686 2334 per
695 2281 781 2336 agree.

99 2338 257 2410 praebebant
267 2338 350 2392 versis
361 2337 439 2393 verba
447 2336 561 2391 secunda
571 2336 645 2391 iocis.

62 2413 95 2466 Et
104 2411 226 2483 leporem,
237 2411 393 2483 quicunque
401 2410 485 2475 venis,
497 2411 643 2475 maberie,
656 2409 760 2480 hospes,

99 2493 124 2540 et
132 2487 156 2540 si
165 2485 229 2540 forte
239 2503 297 2540 meo
305 2485 408 2540 tramite
416 2486 523 2557 quaeris
531 2502 618 2541 avem.

61 2561 145 2616 Etme
153 2561 224 2614 Pana
232 2559 281 2614 tihi
290 2560 411 2615 comitem
421 2559 454 2614 de
464 2576 530 2630 rupe
539 2565 639 2620 vocato.
834 2568 859 2613 iu

12 2647 13 2672 ¹
99 2634 155 2691 aive
163 2641 236 2706 petas
246 2633 346 2692 calamo
355 2634 480 2707 praemia,
492 2633 630 2690 siveeane.
