2028 3034
194 134 225 186 ta
478 127 647 184 CATULLl

323 243 347 291 et
358 235 513 313 pudicitiam
525 253 588 290 suaa

138 322 176 364 22⁵
362 308 627 366 matrisindioetore.

325 416 396 472 Talis
408 416 481 472 illius
494 435 509 472 a
521 417 590 473 bona

324 500 408 547 matre
419 491 477 547 laus
490 509 575 565 genus
587 492 720 564 approbet,

325 566 413 639 qualis
427 567 503 622 unica
516 567 550 622 ab
562 567 661 639 optima

325 648 407 696 matre
420 641 573 696 Telemacho
586 649 673 696 manet

364 714 433 769 lama
446 713 597 785 Penelopen.

325 820 444 876 Claudite
455 821 530 885 ostia,
544 822 671 893 virgines.

324 896 451 950 Lusimus
462 895 536 949 satis.
575 894 617 959 lt,
632 895 694 949 boui

325 971 459 1042 oonfflges,
473 969 541 1024 hene
553 969 642 1033 vivite,
658 977 683 1023 et

325 1058 434 1099 munere
447 1043 553 1099 assiduo
565 1043 694 1099 valentem

363 1126 477 1172 exerente
490 1118 635 1173 iuventam.

323 1259 803 1306 uxn.cauuuNNuPT1auu

493 1361 635 1406 Iuvxurs

230 1425 337 1504 Vesper
344 1434 424 1490 adest:
432 1435 549 1500 iuvenes,
557 1433 941 1508 oonsurgitazvesperOlympo

191 1515 337 1579 exspectata
346 1509 394 1564 diu
403 1510 451 1564 vix
460 1508 565 1564 tandem
576 1508 678 1562 lumina
687 1505 764 1561 tollit.

192 1581 304 1654 Surgere
314 1584 367 1638 iam
377 1591 490 1656 tempus,
501 1583 553 1637 iam
563 1583 677 1655 pingues
690 1579 809 1653 linquere
817 1599 938 1639 mensas:

193 1657 247 1711 iam
259 1656 343 1712 veniet
352 1657 436 1731 virgo,
449 1658 503 1712 iam
513 1656 614 1711 dioetur
624 1657 801 1729 Hymenaeus.

139 1743 149 1782 5
192 1732 487 1806 llymenollymenaee,
500 1733 603 1805 Hymen
613 1730 867 1804 adesollymenaee.

487 1839 637 1880 Pumn.

229 1913 350 1976 Cernitis,
363 1913 497 1983 innuptae,
508 1909 636 1965 iuvenes?
654 1909 809 1982 consurgite
818 1917 918 1965 eontra.

192 1988 327 2042 Nimirum
337 1985 442 2040 Oetaeos
452 1983 565 2038 ostendit
574 1981 687 2037 Noctifer
696 1983 781 2056 ignes.

192 2061 324 2116 Sioeerte:
346 2057 432 2114 viden'
441 2064 472 2112 ut
480 2056 619 2129 perniciter
626 2055 774 2112 exsiluere?

192 2137 250 2189 Non
261 2142 355 2188 umere
364 2130 506 2187 exsiluere:
526 2137 629 2197 tranent,
641 2131 715 2204 quod
723 2132 808 2188 visere
817 2149 864 2203 par
874 2143 923 2188 est.

138 2220 164 2261 ro
194 2209 298 2282 Hymen
308 2224 324 2262 o
334 2207 489 2280 Hymenaee,
502 2207 605 2280 Hymen
616 2205 678 2262 ades
686 2223 703 2262 o
712 2207 870 2280 Hymenaee.

496 2311 636 2357 [ornatu

230 2389 288 2442 Non
298 2386 381 2443 facilis
392 2388 476 2454 nobis,
489 2386 619 2461 aequales,
633 2387 721 2460 palma
730 2395 819 2460 parata
828 2396 876 2441 est

192 2462 316 2534 Aspicite,
328 2462 455 2535 innuptae
464 2480 554 2518 seeum
563 2471 594 2518 ut
603 2463 725 2518 meditata
734 2462 882 2535 requirunt.

193 2539 250 2592 Non
265 2535 360 2594 frustra
375 2537 546 2594 meditantur:
567 2537 665 2594 hahent
678 2534 847 2668 pripmorabile
866 2537 937 2607 quod
