2030 3036
269 180 480 236 CARMINUII
499 183 624 236 LIBER.
787 186 820 242 27

111 288 237 374 idutauda
248 297 289 343 est
300 289 365 343 ratio
377 289 527 374 modusque
539 291 624 375 vobis,

72 467 74 473 ,
112 362 637 508 :tttttpttttfftbttbttr

195 562 302 608 XLIII.
318 563 357 607 IN
373 564 518 608 Atticen
533 566 723 612 rodmunt

151 647 243 720 Salve,
258 672 307 710 neo
319 655 432 710 minimo
443 654 531 727 puella
543 674 616 724 nuso,

114 747 163 785 nec
175 729 244 784 bello
256 729 330 802 pede,
345 747 395 784 neo
406 731 491 803 nigris
503 730 600 798 ooellis,

112 821 161 860 neo
174 802 261 878 longis
272 804 372 878 digitis,
386 821 435 859 neo
446 821 491 860 ore
501 806 580 871 simo,

113 896 162 933 nec
173 896 237 933 sane
249 879 330 933 nimis
342 878 459 952 elegante
471 879 572 953 lingua,

113 953 256 1007 decoctoris
268 953 353 1008 amica
364 953 509 1009 Formiani.

113 1027 175 1081 Ten’
187 1027 323 1098 provincie
337 1035 424 1082 narrat
435 1044 492 1082 esse
503 1027 619 1083 bellem?

112 1109 199 1156 tecum
211 1100 306 1156 Lesbia
319 1109 407 1156 nostra
418 1102 602 1174 eomparatur?

113 1174 136 1230 Ο
149 1173 265 1230 saeclum
278 1176 406 1246 insipiens
418 1183 444 1230 ct
455 1177 603 1232 inficetum!

268 1309 370 1355 xnlv.
392 1311 439 1354 AD
455 1310 622 1364 FUNDUM.

113 1393 144 1458 Ο
157 1400 239 1456 funde
252 1410 346 1466 noster,
361 1418 409 1456 seu
422 1400 528 1467 Sabine,
542 1420 590 1457 seu
603 1403 708 1469 Tiburs,

75 1476 148 1549 (nam
161 1484 186 1531 te
198 1493 255 1531 esse
268 1475 403 1530 Tiburtem
416 1483 562 1542 autumant,
577 1478 678 1550 quibus
691 1497 742 1534 non
756 1489 796 1535 est

74 1551 148 1606 oordi
161 1550 295 1605 Catullum
308 1550 422 1606 laedere:
437 1551 576 1623 atquibus
588 1553 660 1608 oordi
672 1562 720 1620 est,

75 1626 172 1698 quovis
185 1625 313 1679 Sabinum
323 1625 433 1698 pignore
445 1642 501 1679 esse
514 1626 702 1702 oontenduntz)

75 1699 184 1754 sedseu
197 1699 302 1764 Sabine,
314 1700 372 1753 sive
384 1700 474 1754 verius
487 1699 593 1766 Tiburs,
867 1715 877 1756 5

74 1773 115 1828 Iui
128 1773 239 1829 libenter
249 1774 278 1828 in
291 1781 335 1828 tue
348 1772 502 1829 suburbana

74 1848 150 1914 villa,
165 1847 317 1920 malamque
328 1855 430 1919 pectore
441 1848 537 1919 exspui
551 1849 654 1913 tussim,

75 1940 129 1979 non
143 1923 291 1978 immerenti
304 1939 386 1995 quam
401 1922 468 1977 mihi
481 1939 557 1978 meus
571 1931 668 1988 venter,

75 1997 142 2052 dum
154 2004 305 2052 sumtuosas
318 2003 419 2069 appeto,
434 1996 514 2062 dedit,
529 2014 632 2052 ooenas.

75 2073 143 2127 Nam
156 2071 292 2127 Sestianus
305 2070 371 2126 dum
384 2071 648 2138 voloesseoonviva,
853 2083 877 2125 tt

75 2148 219 2202 orationem
232 2147 260 2200 in
274 2147 384 2202 Antium
396 2148 532 2218 petitorem

75 2221 182 2293 pienum
197 2222 294 2277 veneni
306 2229 332 2275 et
343 2222 506 2292 pestilentiae
518 2220 590 2294 legit.

76 2297 123 2351 Hic
135 2314 179 2351 me
190 2295 306 2383 gravedo
318 2294 414 2369 frigida
426 2304 451 2350 et
463 2295 587 2367 frequens
599 2296 681 2350 tussis

76 2378 222 2443 quassavit,
236 2369 390 2443 usquedum
403 2370 430 2424 in
444 2380 521 2424 tuum
534 2369 624 2424 sinum
636 2367 704 2442 iugi,

76 2453 99 2500 et
112 2463 155 2501 me
167 2445 289 2501 recuravi
302 2445 408 2516 otioque
420 2451 445 2499 et
456 2444 549 2499 urtica.
853 2453 878 2496 15

76 2519 161 2586 Quare
173 2519 286 2575 reiectus
299 2519 429 2573 maximas
442 2519 489 2574 tibi
499 2525 585 2592 grates

76 2613 132 2668 ago,
147 2612 240 2650 meum
254 2592 327 2666 quod
339 2610 393 2647 non
406 2610 433 2646 es
446 2592 500 2647 ulto
512 2599 657 2664 peecatum.

76 2671 128 2726 Nee
140 2670 267 2743 deprecor
281 2668 343 2732 iam,
358 2667 382 2720 si
395 2665 493 2722 nefaria
506 2667 602 2738 scripta
