2028 3034
271 177 483 235 crunnum
521 181 647 236 aroer.
756 161 759 168 ’
801 185 833 236 er

123 297 209 343 tecum
224 305 278 342 una
290 295 342 342 tcta
352 295 391 342 est
404 297 492 342 nostra
504 288 606 361 sepulta
619 290 723 346 domus.

86 363 183 418 Omnia
201 370 289 416 tecum
302 379 356 417 una
368 363 504 433 perierunt
515 362 612 436 gaudia
626 374 722 429 nostra,

123 453 193 509 quae
204 444 268 491 tuus
281 436 309 490 in
322 439 377 490 vita
386 436 472 490 dulcia
485 437 570 492 alebat
581 455 663 493 amor.

85 512 171 568 Cuius
184 527 233 584 ego
246 511 354 565 interitu
366 518 417 566 tota
431 511 464 564 dc
477 519 563 566 mente
575 511 667 584 fugavi
862 525 887 566 25

123 586 189 640 haec
200 585 298 650 studia,
309 593 388 656 atque
399 602 491 640 omncs
504 585 610 640 delicias
623 587 716 641 animi.

85 660 182 726 Quare,
198 659 271 731 quod
283 659 393 714 scribis:
408 660 525 715 Veronae
537 668 613 732 turpe
626 660 728 717 Catullo

122 751 190 799 csse,
205 733 278 806 quod
290 733 334 788 hic
346 734 471 805 quisquis
484 734 517 788 de
529 733 636 790 meliore
648 742 708 791 nota

84 807 183 894 frigida
195 807 296 862 deserto
309 807 432 879 tepefaxit
443 809 562 864 membra
574 809 670 878 cubili;

122 882 160 948 rd,
175 883 256 948 Mani,
272 899 324 938 non
337 890 376 937 est
385 890 474 954 turpe;
489 885 575 958 magis
588 885 715 939 miserum
728 893 775 939 cst.
861 896 887 937 30

84 959 209 1030 Ignosces
223 957 312 1030 igitur,
327 975 360 1022 ει,
371 975 441 1029 quae
452 959 520 1012 mihi
533 959 620 1014 luctus
633 959 738 1024 ademit,

122 1032 188 1086 haec
199 1031 248 1086 tihi
261 1048 314 1086 non
328 1032 417 1086 tribuo
429 1049 549 1098 munera,
564 1051 650 1106 quum
663 1051 774 1106 nequeo.

84 1107 153 1160 Nam
163 1106 236 1177 quod
244 1106 402 1177 scriptorum
411 1123 464 1162 non
474 1124 570 1180 magna
579 1109 828 1180 cstoopiaepudme,

122 1181 173 1235 hoc
186 1180 223 1246 fit,
237 1181 311 1252 quod
324 1181 421 1235 Rornae
433 1181 565 1250 vivimus3
581 1182 627 1238 illa
638 1183 743 1249 domus,

85 1253 130 1309 illa
143 1254 211 1308 mihi
230 1254 314 1317 sedes,
331 1255 385 1309 illic
395 1273 452 1309 mea
465 1257 581 1328 carpitur
594 1264 676 1325 aetas,
860 1268 885 1310 35

122 1329 242 1384 hucuca
254 1346 288 1384 ex
301 1329 393 1384 multis
407 1330 514 1401 capsula
526 1347 570 1384 me
582 1332 711 1402 sequitur.

84 1402 162 1469 Quod
171 1420 257 1475 quum
267 1403 302 1458 ita
311 1404 354 1469 sit,
361 1403 444 1460 nolim
453 1411 559 1469 statuas,
567 1422 615 1459 nos
624 1406 830 1480 montemaligna

122 1477 150 1532 id
163 1476 254 1544 lacere,
268 1486 314 1534 aut
326 1496 415 1535 animo
428 1479 554 1535 nonsatis
571 1480 696 1554 ingenuo,

84 1551 157 1624 quod
168 1553 217 1607 tibi
231 1570 283 1608 non
296 1554 436 1626 utriusque
447 1555 544 1625 petenti
557 1555 631 1626 copia
642 1553 707 1610 lacta
717 1564 764 1610 cst.

122 1626 194 1683 Ultro
203 1643 252 1701 ogo
263 1627 400 1693 deferrem,
414 1629 489 1700 copia
501 1630 524 1682 si
537 1647 591 1701 qua
603 1628 677 1684 foret.
858 1641 884 1685 to

83 1703 143 1757 Non
155 1719 266 1773 possum
279 1703 393 1766 reticere,
408 1702 480 1768 deae,
495 1721 578 1775 quam
590 1721 633 1758 mc
643 1703 729 1760 Allius
743 1706 770 1759 in
785 1723 812 1760 re

119 1777 226 1841 iuverit,
241 1784 287 1831 aut
297 1777 406 1848 quantis
418 1777 516 1832 iuverit
527 1776 635 1833 officiis:

81 1868 131 1906 nec
143 1849 249 1924 fugiens
262 1850 354 1905 saeclis
367 1851 585 1907 obliviscentibus
597 1859 666 1906 actas

119 1923 193 1980 illius
206 1925 256 1980 hoc
268 1941 343 1980 caeca
355 1934 430 1980 nocte
442 1932 511 2000 tegat
521 1926 651 1981 studium.

80 1999 232 2056 Seddicam
242 1999 331 2068 vobis3
347 2017 394 2055 vos
403 2017 481 2071 porro
492 1999 571 2056 dicite
582 2000 674 2056 multis
857 2012 883 2057 ta

118 2072 250 2140 millibus,
264 2082 290 2129 et
302 2073 378 2129 facite
389 2075 454 2129 haec
465 2076 553 2130 charta
567 2075 690 2148 loquatur
702 2094 779 2131 anus.

118 2230 286 2296 notescatque
298 2223 385 2296 magis
397 2232 518 2279 mortuus
527 2232 606 2295 atquc
615 2225 714 2296 magis,

80 2315 129 2352 noc
140 2305 247 2352 tenuem
260 2305 352 2351 texens
365 2297 489 2353 sublimis
500 2316 591 2352 aranea
605 2297 692 2361 telam,

116 2373 146 2426 in
159 2371 261 2426 deserto
272 2370 522 2444 Alllnomineopus
535 2371 620 2428 faciat.
857 2387 881 2427 ao

78 2447 156 2511 Nam,
164 2446 231 2500 mihi
244 2463 327 2518 quam
340 2445 440 2500 dederit
452 2445 711 2519 duplexrlmathusia
724 2465 824 2514 curam,

115 2521 199 2586 scitis,
214 2527 240 2575 et
253 2519 281 2574 in
294 2537 349 2592 quo
362 2537 404 2575 me
414 2522 539 2576 corruerit
552 2539 660 2594 genere3

77 2613 164 2668 quum
177 2603 281 2651 tantum
294 2595 421 2659 arderem,
435 2603 566 2668 quantum
580 2596 711 2651 Trinacria
725 2615 804 2668 rupes

115 2669 282 2745 lymphaque
294 2669 322 2724 in
336 2669 437 2726 Oetaeis
450 2671 528 2728 Malia
541 2669 734 2742 Thermopylis,

664 2763 715 2818 ΕΞ
