2040 3030
187 153 237 208 232
455 149 666 208 PROPERTll

187 259 237 314 Cui
246 273 318 312 nunc
328 256 351 312 si
363 273 418 331 qua
426 257 487 314 data
495 267 535 314 cst
544 259 671 316 furandae
680 262 754 333 copia
764 265 858 331 noctis,

132 341 158 387 lo
224 331 322 388 ollensa
331 332 377 388 illa
390 334 467 400 mihi,
479 352 534 390 non
544 335 592 389 tibi
602 336 695 402 amica,
707 335 789 394 dedit.

395 461 397 464 ’
431 461 594 506 ELEGIA
623 463 685 507 vn.

184 541 338 619 Maecenas,
350 569 431 626 eques
440 555 551 612 Etrusco
560 555 593 610 de
601 555 732 630 sanguine
740 575 843 634 regum,

223 627 291 682 intra
302 627 434 684 fortunam
443 630 491 702 qui
503 631 578 702 cupis
588 648 645 686 esse
654 639 742 688 tuam:

184 701 252 774 quid
261 720 304 756 me
314 703 447 758 scribendi
456 711 510 758 tam
521 712 626 760 vastum
636 707 719 762 mittis
730 707 758 762 ia
771 711 888 781 aequor?

222 777 281 832 Non
294 785 358 832 sunt
367 786 426 850 apta
436 795 510 834 meae
519 780 630 854 grandia
640 781 698 836 vela
708 783 768 839 rati.

131 862 142 904 5
185 853 272 923 Turpe
281 860 328 918 est,
341 853 414 924 quad
424 871 550 926 nequeas,
561 857 640 928 capili
648 858 809 913 committere
816 858 932 930 pondus,
1010 907 1011 914 ,

221 934 247 980 et
255 943 378 997 pressum
389 927 486 983 inflexo
496 947 559 984 mox
569 930 631 985 dare
640 939 712 1004 terga
721 949 803 1006 genu.

184 999 281 1054 Omnia
291 1018 343 1056 non
354 1003 451 1072 pariter
461 1020 551 1058 rerum
561 1007 759 1062 sunlomnibus
769 1014 836 1080 apta,

220 1073 290 1130 lama
301 1093 350 1130 nec
358 1093 392 1130 ex
402 1093 486 1149 aequo
496 1077 601 1134 ducitur
611 1097 666 1135 una
676 1080 750 1155 iuga.

184 1148 273 1205 Gloria
281 1150 400 1225 Lysippo
408 1159 449 1206 est
458 1153 577 1209 animosa
586 1152 710 1229 effingere
719 1157 809 1230 signa:

130 1235 155 1277 lo
222 1225 319 1280 exactis
332 1225 448 1282 Calamis
457 1245 486 1284 sa
497 1229 564 1284 mihi
573 1229 650 1284 iactat
659 1232 750 1302 equis:

184 1299 212 1354 in
223 1299 333 1358 Veneris
343 1302 433 1358 tabula
443 1321 578 1360 summam
588 1304 640 1359 sibi
649 1307 724 1377 ponit
733 1303 851 1376 Apelles:
915 1355 917 1358 .

220 1375 376 1437 Parrhasius
385 1392 468 1450 wiva
477 1379 594 1434 vindicat
602 1387 657 1434 arte
667 1380 764 1434 locum.

182 1447 347 1523 Argumenta
357 1454 443 1527 magis
453 1455 649 1510 sunllllentoris
659 1453 746 1510 addita
756 1452 867 1510 lormae:

220 1532 246 1578 at
256 1527 332 1600 Myos
342 1528 471 1601 exiguum
481 1527 559 1583 flectit
567 1529 695 1584 acanthus
704 1529 766 1584 iter:

129 1609 153 1652 15
183 1597 326 1656 Phidiacus
338 1601 416 1676 signo
426 1620 454 1656 sa
464 1603 581 1674 luppiter
589 1611 664 1659 ornat
674 1604 788 1670 eburn03

220 1675 367 1732 Praxitelen
378 1677 472 1732 Parius
481 1676 598 1735 vindicet
607 1677 674 1735 urbe
684 1678 761 1750 lapis.

182 1749 238 1815 Est,
251 1752 352 1822 quibus
362 1751 456 1808 Elaeae
466 1754 597 1808 concurrit
606 1753 695 1825 palma
704 1751 863 1825 quadrigae:

219 1832 267 1891 est,
279 1827 380 1898 quibus
390 1827 418 1880 in
429 1826 524 1881 celares
532 1826 617 1899 gloria
627 1834 688 1880 nala
696 1826 786 1896 pedes.

181 1899 231 1954 Hic
238 1906 311 1953 satus
320 1898 354 1952 ad
363 1914 468 1967 pacem:
490 1899 535 1952 hic
544 1899 721 1952 castrensibus
732 1896 805 1951 utilis
814 1899 909 1953 armis.

127 1981 154 2026 20
218 1974 332 2026 Naturae
341 1971 462 2039 sequitur
476 1971 578 2023 semina
588 1971 703 2041 quisque
712 1986 785 2023 suae.

181 2046 216 2101 lt
224 2053 278 2107 lua,
290 2045 435 2106 Maecenas,
447 2043 516 2097 vitae
525 2050 661 2114 praecepta
669 2043 763 2114 recepi,

218 2133 296 2190 cogor
304 2123 330 2171 et
338 2114 634 2189 exemplistesuperare
643 2117 707 2174 tuis.

182 2193 273 2260 Quum
283 2191 332 2248 tibi
342 2192 460 2248 Romano
469 2192 591 2248 dominas
601 2193 629 2249 ia
639 2193 852 2251 honorasecures

218 2275 244 2323 et
254 2266 329 2325 liceat
338 2266 425 2324 medio
434 2285 530 2341 ponere
539 2268 598 2326 iura
607 2269 671 2335 lom,

127 2356 153 2400 25
182 2343 224 2400 vel
234 2343 284 2399 tibi
294 2343 431 2400 Medorum
441 2361 575 2420 pugnaees
585 2345 624 2402 ire
631 2363 679 2418 per
688 2345 785 2411 hostes,

221 2427 301 2493 atque
308 2437 417 2475 onerare
426 2427 500 2477 tuam
511 2421 564 2476 fixa
574 2439 704 2493 perarma
716 2420 836 2486 domum,

183 2504 207 2550 et
217 2495 266 2550 tibi
276 2494 311 2550 ad
320 2493 441 2550 ellectum
451 2496 522 2550 vires
532 2496 575 2550 det
585 2496 687 2563 laesas,
699 2503 725 2551 et
733 2495 807 2551 amai

220 2578 336 2643 tempore
345 2577 398 2626 lam
407 2569 497 2626 faciles
507 2571 677 2627 insinuentur
686 2589 763 2643 opes:

182 2647 278 2720 parcis,
291 2652 316 2702 el
326 2644 354 2702 in
364 2653 456 2704 tenues
465 2645 595 2704 humilem
605 2655 630 2703 te
639 2646 742 2722 colligis
751 2645 871 2712 umbras,
