2028 3034
237 168 449 236 CARMINUM
468 171 597 226 LIBER.
762 174 794 224 65

335 311 506 352 carnatus

44 389 101 442 Non
115 387 185 440 istuo
197 385 262 439 satis
275 392 313 438 est
325 402 380 439 uno
393 392 417 439 te
429 384 514 439 dioere
527 385 620 439 verbo:
823 396 848 438 15

81 461 128 515 sed
140 459 234 524 faeere,
250 466 280 513 ut
292 459 384 532 quivis
397 459 491 514 sentiat
503 467 528 513 et
541 459 638 514 videat.

384 583 486 626 linum

46 659 96 725 Qui
110 656 241 730 possum?
254 659 338 712 Nemo
351 657 463 728 quaerit,
480 673 527 711 neo
539 658 606 712 seire
619 657 727 712 laborat.

331 763 503 806 carnatus

81 842 136 894 Nos
152 837 290 893 volumus:
306 838 383 893 nobis
396 836 481 892 dioere
494 856 526 892 ne
539 838 640 894 dubita.

369 945 472 988 linum

44 1021 165 1074 Primum
180 1019 271 1093 igitur,
284 1019 359 1092 virgo
368 1019 442 1090 quod
454 1018 535 1076 fertur
547 1021 640 1076 tradita
654 1023 739 1087 nobis,

78 1093 193 1150 falsumr
205 1101 257 1149 est:
269 1112 321 1149 non
336 1099 384 1166 qui
397 1093 470 1148 illam
484 1095 526 1148 vir
538 1096 609 1166 prior
622 1097 743 1170 attigerit,
821 1107 847 1166 ²⁰.

44 1169 197 1243 languidior
208 1176 297 1223 tenera
309 1169 374 1240 quoi
385 1169 503 1240 pendens
514 1170 597 1226 sicula
607 1171 666 1225 beta

81 1261 223 1316 nunquam
236 1261 265 1297 se
277 1242 392 1298 mediam
405 1243 513 1298 sustulit
525 1244 559 1299 ad
571 1245 701 1300 tunicam:

43 1319 90 1373 sed
102 1327 176 1389 pater
189 1316 263 1373 illius
276 1319 330 1372 nati
341 1317 453 1374 violasse
464 1319 552 1372 cubile

80 1393 187 1457 dicitur;
202 1400 228 1447 et
240 1393 363 1447 miseram
376 1392 565 1450 oonscelerasse
577 1393 695 1456 domum,

43 1469 100 1523 sive
112 1467 187 1540 quod
199 1468 281 1538 impia
294 1485 370 1522 mens
380 1485 455 1522 oaeoo
467 1467 593 1542 flagrabat
605 1485 702 1524 amore.
822 1480 846 1523 25

79 1561 128 1598 seu
141 1543 214 1614 quod
228 1544 297 1598 iners
310 1542 391 1598 sterili
404 1543 506 1598 semine
518 1551 594 1598 natus
605 1552 667 1608 erat,

41 1618 280 1690 quaerendumque
292 1617 412 1673 necunde
421 1617 484 1672 foret
495 1619 633 1674 nervosius
644 1618 722 1684 illud,

78 1691 153 1765 quod
166 1700 254 1764 posset
266 1711 359 1748 zonam
372 1691 473 1748 solvere
486 1693 643 1766 virgineam.

333 1799 504 1844 Carunnun

39 1875 189 1949 Egregium
204 1893 294 1930 narras
308 1875 374 1930 mira
387 1875 481 1946 pietate
491 1883 634 1946 parentem,

76 1950 127 2022 qui
142 1966 199 2020 ipse
212 1951 254 2004 sui
268 1949 322 2005 nati
336 1950 461 2004 minxerit
475 1951 502 2004 in
515 1951 658 2024 gremium.
821 1962 846 2004 aa

365 2057 469 2101 Ianua

42 2131 123 2202 Atqui
137 2147 191 2185 non
205 2129 293 2187 solum
305 2133 356 2187 hoo
374 2151 402 2188 se
415 2133 478 2188 dioit
489 2134 625 2206 eugelium
638 2132 734 2188 hahere

76 2205 169 2259 Brixia
182 2205 301 2279 Cycneae
313 2209 449 2280 supposita
462 2206 582 2279 speculae

42 2276 153 2352 [Flavus
166 2298 249 2352 quam
262 2281 336 2338 molli
350 2284 478 2354 percurrit
489 2282 599 2339 flumine
612 2280 692 2336 Mela:

76 2355 169 2410 Brixia
184 2356 300 2412 Veronae
313 2365 394 2412 mater
404 2364 488 2412 amata
502 2353 600 2430 meam]

41 2429 86 2482 sed
98 2429 133 2484 de
145 2431 281 2486 Postumio
292 2441 317 2485 et
328 2431 432 2488 Corneli
446 2441 534 2486 narrat
545 2447 641 2495 amore,
820 2439 845 2482 35

76 2521 140 2560 eum
153 2505 255 2577 quibus
269 2506 314 2560 illa
324 2505 425 2560 malurn
439 2505 498 2561 fecit
509 2506 678 2562 adulterium.

40 2578 139 2635 Dixerit
150 2581 196 2635 hlo
208 2579 322 2651 aliquis:
349 2581 419 2646 »Qut
432 2589 461 2636 tu
475 2582 581 2647 isthaec,
599 2581 686 2645 ianua,
703 2589 780 2645 nostr,

74 2657 139 2728 quoi
153 2671 307 2728 numquam
320 2655 421 2710 domini
435 2655 527 2712 limine
539 2658 630 2712 abesse
643 2655 710 2722 lieet,

74 2747 185 2805 Curuae.
659 2747 679 2800 E
