2030 3036
260 145 471 203 CARMINUM
490 147 616 206 LIBER.

194 256 248 310 iam
261 253 359 310 servire
372 253 516 310 Thalassio.

232 329 394 394 Concubine,
408 345 489 384 aucae
501 329 545 386 da.

194 435 339 492 Sordenant
350 437 400 492 tibi
412 437 525 503 villicae,

194 512 348 578 concubine,
363 511 442 568 hodie
453 520 532 584 atque
544 511 614 568 heri:

195 603 267 640 nune
278 593 355 640 tuum
367 587 512 654 cinerarius
557 614 559 618 ·

195 659 282 714 tendet
293 677 332 715 cs.
372 661 459 725 Miser,
474 661 508 715 ah
521 662 601 716 miser

232 735 385 800 concubine,
401 751 481 790 nuces
493 735 536 790 da.

194 851 291 905 Diceris
304 850 372 906 male
384 858 409 905 te
421 868 436 905 a
450 851 502 905 tuis

193 932 354 998 unguentate
365 924 465 998 glabris
478 926 570 981 marite

193 999 335 1054 abstinere:
357 999 404 1053 sed
416 999 528 1055 abstine.

193 1074 220 1129 Ic
232 1075 335 1147 Hymen
349 1074 497 1147 Hymenaee
509 1075 545 1136 ic.

230 1148 255 1202 ic
268 1149 371 1221 Hymen
384 1149 542 1222 Hymenaee.

192 1273 305 1338 Scimus,
320 1273 385 1327 haec
395 1273 444 1326 tibi
457 1290 510 1344 qua
523 1271 601 1327 licent

192 1348 245 1401 scia
258 1348 375 1420 cognita:
391 1346 438 1400 sed
450 1347 544 1402 marito

192 1423 239 1476 iate
254 1439 307 1476 ncn
319 1421 410 1476 eadem
424 1419 512 1476 licent.

192 1497 218 1550 lo
230 1497 333 1570 Hymen
347 1497 496 1570 Hymenaee
508 1495 543 1560 ic,

229 1572 254 1626 ic
267 1573 371 1644 Hymen
384 1572 543 1645 Hymenaee.

191 1680 286 1750 Nupta,
302 1685 331 1732 tu
344 1693 460 1750 quoque,
475 1695 543 1750 quae
554 1687 618 1733 tuus

191 1754 233 1806 vir
244 1760 322 1824 petet,
336 1769 399 1807 cave
412 1769 445 1806 ne
458 1769 551 1825 neges:

190 1844 224 1882 ne
235 1827 346 1899 petitum
359 1825 466 1881 aliunde
479 1834 529 1880 eet.

190 1903 217 1956 10
230 1903 333 1976 Hymen
347 1903 495 1974 Hymenaee
509 1901 542 1966 ic,

228 1978 253 2030 io
265 1978 369 2049 Hymen
382 1976 541 2049 Hymenaee.

190 2085 230 2138 En
243 2085 292 2139 tibi
304 2084 400 2139 domus
412 2090 442 2138 ut
453 2092 545 2156 potens

190 2165 214 2212 et
226 2159 300 2213 beata
313 2159 364 2214 viri
377 2159 425 2223 tui,

189 2232 523 2305 mmmmm

189 2306 225 2378 (10
238 2309 341 2381 Hymen
354 2308 512 2380 Hymenaee,
528 2307 566 2360 io:

228 2383 254 2435 io
266 2384 369 2455 Hymen
384 2380 541 2454 Hymenaee)

188 2506 274 2561 usque
286 2489 352 2544 dum
365 2487 508 2543 tremulum
521 2503 630 2541 movens

139 2563 143 2570 '
189 2579 252 2618 cana
265 2572 371 2635 tempus
383 2561 488 2617 anilitas

188 2639 278 2694 omnia
289 2637 416 2692 omnibus
428 2638 531 2691 annuit.
