2028 3034
189 152 222 205 50
476 147 646 204 CATULLI

188 255 336 328 Sedneque
346 261 404 310 tum
414 257 514 322 mitrae,
522 272 609 327 neque
617 262 675 310 ttrm
685 253 813 312 fluitantis
823 257 935 315 amiotus

188 330 233 386 illa
243 331 329 386 vieem
340 347 445 394 mirans,
457 337 510 384 toto
519 347 552 384 ex
562 337 587 384 te
595 337 706 400 pectore,
718 331 830 398 Theseu,

133 415 160 458 to
188 405 349 469 totoanimo,
362 411 412 458 tota
423 403 552 474 pendebat
560 403 661 475 perdita
671 411 768 460 mente.

188 477 230 533 hh
240 479 345 544 misera,
357 477 471 532 assiduis
482 495 564 550 quam
574 478 688 532 luctibus
697 479 844 536 externavit

188 553 308 624 spinosas
318 553 433 627 Erycina
443 569 532 607 serens
542 553 570 607 in
582 558 684 623 pectore
693 569 770 606 curas

188 626 233 682 illa
244 634 403 699 tempestate,
415 625 489 681 ferox
498 643 552 698 quo
562 634 678 697 tempore
687 626 804 682 Theseus

187 718 309 775 egressus
318 699 564 756 eurviselitorihus
574 700 658 754 Piraei

133 785 159 829 ts
188 776 273 848 attigit
283 775 375 829 iniusti
385 774 455 849 regis
465 775 593 848 Gortynia
606 773 712 846 templa.

187 851 255 906 Nam
264 849 403 921 perhibent
411 848 476 903 olim
486 848 586 903 erudeli
595 856 789 920 pesteooaetam

186 923 390 996 Androgeoneae
398 939 496 994 poenas
506 922 641 979 exsolvere
650 923 747 989 caedis,

187 997 279 1054 electos
289 998 398 1054 iuvenes
408 996 490 1052 simul
499 1005 525 1052 et
534 998 614 1053 decus
625 999 797 1070 innuptarum

187 1072 338 1144 Cecropiam
348 1071 451 1128 solitam
461 1089 518 1128 esse
527 1072 622 1144 dapem
632 1072 694 1127 dare
703 1073 860 1130 Minotauro.

133 1157 158 1200 to
188 1147 269 1214 Queis
278 1154 390 1221 angusta
400 1145 477 1201 malis
487 1165 573 1220 quum
582 1147 686 1202 moenia
695 1157 863 1214 vexarentur,

186 1222 243 1294 ipse
250 1239 331 1276 suum
341 1221 458 1276 Theseus
468 1239 515 1293 pro
525 1222 592 1277 caris
602 1238 697 1293 eorpus
706 1220 816 1278 Athenis

185 1297 310 1367 proiieere
319 1297 419 1367 optavit
431 1297 529 1368 potius,
542 1314 624 1368 quam
634 1295 696 1350 talia
706 1296 808 1352 Cretam

186 1369 278 1426 funera
288 1370 435 1443 Cecropiae,
448 1389 497 1426 nae
506 1370 599 1426 lunera
607 1378 785 1442 portarentur:

186 1453 264 1518 atque
273 1446 308 1500 ita
317 1463 385 1501 nave
394 1445 447 1500 levi
457 1446 551 1510 uitem,
563 1463 594 1500 ae
603 1444 707 1500 lenibus
718 1446 799 1510 auris,

131 1529 157 1572 ts
187 1521 389 1594 magnanimum
398 1517 433 1573 ad
442 1519 530 1575 Minoa
539 1519 621 1583 venit,
633 1518 761 1591 sedesque
773 1521 914 1590 superbas.

186 1595 262 1649 Hune
271 1593 352 1648 simul
362 1610 393 1649 ae
401 1593 498 1665 ottpido
507 1593 643 1664 oonspexit
654 1591 755 1647 lumine
764 1593 841 1666 virgo

185 1669 265 1744 regia,
278 1685 360 1740 quam
370 1668 475 1724 suaveis
485 1667 622 1740 exspirans
631 1673 718 1722 castus
727 1666 819 1723 odores

186 1742 298 1798 lectulus·
307 1743 336 1797 in
350 1742 424 1798 molli
435 1741 575 1814 complexu
584 1742 676 1796 matris
685 1741 785 1798 alebat:

185 1816 277 1889 quales
286 1818 425 1889 Eurotaep
474 1817 570 1889 ignunt
578 1814 689 1872 flumina
699 1824 812 1889 myrtus,

131 1901 156 1943 to
186 1909 283 1947 aurave
292 1890 429 1945 distinctos
473 1888 736 1945 ucitvernaeolores:

185 1982 238 2020 non
247 1965 322 2037 prius
332 1981 365 2018 ex
375 1963 421 2018 illo
430 1962 567 2034 flagrantia
576 1961 719 2014 declinavit

185 2039 295 2102 lumina,
307 2053 389 2110 quam
398 2043 491 2090 carnoto
499 2034 616 2102 ooneepit
625 2049 731 2104 eor-pore
739 2032 875 2088 flammam

185 2112 313 2175 funditus,
326 2121 404 2180 atque
414 2109 476 2162 imis
485 2106 583 2162 exarsit
591 2114 643 2160 tota
652 2106 786 2171 medullis,

184 2187 250 2242 heul
271 2185 365 2238 misere
374 2183 510 2255 exagitans
520 2181 618 2235 immiti
627 2180 705 2236 eorde
713 2179 824 2238 furores.

131 2271 155 2314 ts
185 2261 277 2315 Sancte
286 2275 360 2330 puer,
375 2258 446 2312 curis
455 2256 596 2311 hominum
606 2256 654 2328 qui
663 2256 760 2329 gaudia
770 2257 876 2326 misoes,

183 2337 304 2406 quasque
313 2333 382 2406 regis
390 2332 496 2407 Golgos,
509 2347 630 2404 quaeque
639 2329 752 2387 Idalium
762 2331 931 2403 frondosum,

221 2408 308 2464 alihus
319 2408 454 2463 ineensam
464 2407 577 2462 iactastis
587 2414 673 2462 mente
682 2407 799 2478 puellam

183 2427 315 2548 hhmihm,
328 2483 356 2538 in
366 2481 434 2538 flavo
442 2499 519 2554 saepe
528 2481 630 2552 hospite
639 2481 829 2554 suspirantem!

183 2566 296 2632 quantos
306 2557 351 2613 illa
361 2556 422 2612 tulit
431 2557 567 2630 languenti
576 2555 782 2612 sordetimoresl

129 2644 168 2687 teo
181 2641 312 2707 quantum
322 2649 398 2706 saepe
408 2633 494 2708 magis
504 2629 606 2705 fulgore
614 2631 742 2704 expalluit
749 2631 820 2691 tauri¹
