2030 3040
198 174 245 228 192
461 172 671 231 PROPERTII

195 294 247 332 uon
259 275 304 331 ille
312 276 445 331 Antilochi
454 278 564 333 vidisset
572 296 667 351 oorpus
677 280 793 348 humati;

142 361 166 404 50
232 350 328 406 dioeret
339 359 394 417 uui,
407 353 519 418 (mors,
531 369 579 407 our
587 353 655 408 mihi
664 371 721 409 sere
732 354 826 410 veuis‘l

196 425 841 499 rutamenamissononnunquamllebisamioo:
884 425 890 436 '

232 497 272 553 fas
281 507 320 554 est
328 500 478 570 praeteritos
486 518 589 573 semper
599 519 687 558 emere
695 502 777 558 viros.

195 573 288 639 Testis,
301 575 348 645 qui
358 575 468 630 niveum
478 575 613 647 quondum
625 577 754 648 percussit
762 575 879 643 Adonin,

232 655 372 704 venantem
381 647 463 704 Idalio
473 650 576 715 vertioe‚
588 650 672 706 durus
681 657 757 722 oper:

141 732 166 773 55
195 720 248 777 illis
258 720 404 778 formosum
413 723 525 779 iaouisse
532 723 686 796 paludibus,
699 723 763 780 illue

232 794 328 851 dioeris
336 796 418 852 effusa
428 804 467 863 tu,
479 799 576 864 Venus,
588 799 640 854 isse
648 815 732 854 ooma.

195 869 247 924 Sed
255 869 351 925 lrustre
361 878 449 926 mulos
458 873 602 938 revocabis,
614 872 739 948 Cynthio,
749 874 854 930 Manes:

232 961 294 998 nam
305 961 362 999 mou
372 945 440 1016 quid
448 953 570 1016 poterunt
578 964 638 1002 osse
648 948 750 1004 muute
761 946 852 1020 loqui‘l

443 1071 605 1116 ELEGIA
634 1073 682 1117 XI.

194 1153 259 1218 Non
270 1162 306 1216 ita
317 1161 447 1218 Dardanio
455 1180 566 1237 gavisus
577 1163 668 1224 Atrida
678 1133 813 1238 triumpho
821 1177 868 1231 ost,

231 1253 318 1309 quum
326 1237 447 1293 oederent
537 1256 568 1295 ue
576 1239 760 1297 Laomedontis
772 1259 848 1314 opes:

195 1329 247 1366 non
258 1311 297 1366 sio
308 1329 394 1368 errore
403 1255 613 1370 mmmm
622 1314 722 1380 Ulixes,

231 1403 316 1458 quum
327 1387 412 1462 tetigit
420 1405 493 1444 oarao
503 1387 577 1444 liloru
587 1388 736 1446 Dulichiae:

140 1473 152 1514 5
195 1477 242 1515 neo
251 1461 407 1527 sioEleotru,
419 1463 524 1518 salvum
534 1480 620 1536 quum
629 1463 750 1535 adspexit
758 1463 875 1529 Oresten,

230 1536 307 1590 ouius
317 1534 382 1590 falsu
391 1543 481 1591 tenens
490 1535 596 1592 fleverat
604 1554 663 1592 ossa
676 1553 761 1593 soror:

194 1625 241 1664 neo
250 1611 289 1663 sio
297 1608 457 1665 iuoolumom
465 1611 561 1666 Minois
570 1611 669 1666 Thesea
678 1611 754 1677 vidit,

230 1683 384 1740 Daedalium
393 1683 449 1739 lino
458 1702 544 1756 quum
553 1684 620 1740 duoe
632 1688 700 1740 rexit
709 1686 770 1740 iter:

192 1767 290 1830 quauta
300 1775 348 1831 ogo
375 1759 492 1814 raoteritu
501 1758 595 1832 oollegi
638 1758 700 1815 udis
710 1768 793 1815 noole.

138 1844 165 1884 ro
230 1775 387 1886 Immortaiis
396 1849 450 1897 ero,
464 1833 486 1886 si
500 1832 579 1886 altera
588 1839 614 1887 ta
625 1833 716 1886 iseril.

193 1904 227 1959 At
237 1904 302 1957 dum
312 1905 435 1958 demissis
444 1905 558 1974 supplex
566 1904 712 1957 oervioibus
722 1904 804 1968 ibam,

229 1976 334 2031 dioeber
343 1977 412 2030 siooo
422 1976 500 2030 vilior
509 1992 566 2028 esse
575 1975 644 2029 lucu.

191 2054 246 2106 Neo
257 2048 324 2104 mihi
335 2051 388 2102 iam
398 2046 480 2102 iustus
489 2064 619 2119 opponere
627 2049 730 2120 quaerit
739 2047 856 2120 iniquos,

228 2139 277 2177 neo
290 2121 358 2176 mihi
366 2120 479 2193 ploranti
490 2120 559 2176 lenta
568 2121 657 2177 sedero
665 2129 758 2194 polest.

138 2210 162 2252 rs
192 2199 279 2270 Atque
288 2196 391 2252 utinam
400 2213 453 2252 non
464 2203 517 2252 tam
526 2213 584 2252 soro
592 2197 660 2252 mihi
670 2204 730 2252 nole
739 2195 832 2254 luisset

228 2270 357 2328 oonditiol
379 2271 787 2330 Cinerinunomedioinedutur.

191 2347 259 2403 Anto
267 2347 346 2420 pedes
355 2347 438 2404 caeeis
448 2346 550 2404 luoehal
558 2349 651 2406 semita
661 2347 748 2404 uobis.

229 2422 333 2478 Soilioel
341 2423 434 2480 ineam
443 2440 522 2480 nemo
531 2422 559 2480 in
569 2440 657 2480 rmore
666 2421 748 2478 videl.

192 2498 326 2554 Hooseusi
338 2498 462 2570 prodesse
470 2497 569 2572 magis:
591 2497 757 2564 contemnite,
769 2505 899 2554 umentes:
1009 2521 1010 2546 r

138 2583 164 2627 20
231 2574 270 2629 sio
279 2573 357 2629 hodie
366 2573 463 2639 veniet,
476 2573 499 2627 si
509 2590 563 2645 que
573 2573 755 2648 negavitherr'.

193 2647 337 2705 Pulsubent
346 2647 390 2703 alii
404 2648 509 2715 frustra,
524 2647 712 2721 dominamque
723 2646 861 2704 vocabant:
